@String{PODS = "Proc. of ACM Symposium on Principles of Database

          Systems (PODS)"}

@String{DBPL = "Proc. of Int'l Workshop on Database Programming Languages (DBPL)"}

@String{JCSS = {Journal of Computer and System Sciences (JCSS)}}

@String{TKDE = {IEEE Trans. on Data and Knowledge Engineering}}

@String{CACM = {Communicationforeign keyss of the ACM}}

@String{ACMCS = {ACM Computing Surveys}}

@String{JACM = {Journal of the ACM}}

@String{TSE = {IEEE Trans. on Software Engineering}}

@String{TOOIS = "ACM Trans. on Office Information Systems"}

@String{TODS = "ACM Trans. on Database Systems"}

@String{TOPLAS = "ACM Trans. on Programming Languages and Systems"}

@String{VLDB = "Proc. of Int'l Conf. on Very Large Databases (VLDB)"}

@String{ICDT = "Proc. of Int'l Conf. on Database Theory (ICDT)"}

@String{ICDE = "Proc. of IEEE Int'l Conf. on Data Engineering (ICDE)"}

@String{OODBS86 = "Proc. of IEEE Int'l Workshop on Object-Oriented Database Systems"}

@String{SIGMOD = "Proc. of ACM SIGMOD Conf. on Management of Data"}

@String{SIGPLAN = "Proceedings of ACM SIGPLAN Conference on Programming Language Design and Implementation"}

@String{Wesley = "Addison Wesley, Reading, MA"}


@String{DOOD = "Proceedings International Conference on Deductive and Object-Oriented Databases (DOOD)"}

@String{DKEng = "Data \& Knowledge Engineering"}

@String{IJCAI = "International Joint Conference on Artificial Intelligence"}

@String{AAAI = "Proceedings National Conference on Artificial Intelligence"}

@String{DAC= "Proceedings of Design Automation Conference"}

@String{EDBT= "Proceedings of the International Conference on Extending Database Technology"}

@String{HICSS= "Proceedings of the Hawaiian Conference on Computer and System Sciences"}

@String{FOOL = "Proceedings of the Foundations of Object-Oriented Languages Workshop"}

@String{TCS = "Theoretical Computer Science"}

@String{TSI = "Technology and Science of Informatics"}

@String{SEMIWORK = "Workshop on Management of Semistructured Data"}

@String{ACMTOIS = "ACM Transactions on Information Systems"}

@String{DL = "Proceedings of ACM Conference on Digital Libraries"}

@String{COOPIS = {Proceedings of International Conference on Cooperative Information Systems (CoopIS)}}

@String{LNCS = {Lecture Notes in Computer Science}}

@String{WWW = {Proceedings of International {W}orld {W}ide {W}eb Conference}}

@String{RIDE = {Research Issues in Data Engineering}}

@String{NGITS = {Next Generation Information Technologies and

          Systems}}

@String{LICS = {Proceedings of Logic in Computer Science (LICS)}}



@string{siamjc = "{SICOMP}"}

@string{tsmc = "{IEEE} Transactions on Systems, Man, and Cybernetics"}



@INPROCEEDINGS{Han01b,

    AUTHOR={A. Robles-Kelly and E.R.Hancock},

    TITLE={Graph Matching using Adjacency Matrix Markov Chains},

    BOOKTITLE={British Machine Vision Conference},

    YEAR={2001},

    KEY={1321},

    PAGES={383--390}}



@ARTICLE{PEL99,

    AUTHOR={M. Pelillo and K. Siddiqi and S. Zucker},

    TITLE={Matching Hierarchical Structures Using Association Graphs},

    JOURNAL={IEEE Transactions on Pattern Analysis and Machine

          Intelligence},

    VOLUME={21},

    NUMBER={11},

    MONTH={November},

    YEAR={1999},

    PAGES={1105--1120}}



@ARTICLE{gr96,

        AUTHOR={S. Gold and A. Rangarajan},

        title = {A Graduated Assignment Algorithm for Graph

                 Matching},

        JOURNAL={IEEE Transactions on Pattern Analysis and Machine Intelligence},

        VOLUME={18},

        pages = {377--388},

        year = {1996}}



@ARTICLE{hz83,

        AUTHOR={R. Hummel and S. Zucker},

    TITLE={On the foundations of relaxation labeling processes},

    JOURNAL={IEEE PAMI},

    VOLUME={5},

    PAGES={267--287},

    YEAR={1983}}



@ARTICLE{lw66,

        AUTHOR={E. Lawler and D. Wood},

    TITLE={Branch and Bound methods: A survey},

    JOURNAL={Operations Research},

    VOLUME={14},

    PAGES={699--719},

    YEAR={1966}}



@Article{css2003,

  author = {B.  Csaba, A. and Shokoufandeh  and E.  Szemer\'edi},

  title =  {Proof of a Conjecture of Bollobas and Eldridge for

            Graphs of Maximum Degree Three},

  journal = "Combinatorica",

  year = 2003,

  volume = 23,

  pages =  {35-72}

}



@Article{coha63,

  author = {H. Corr\'adi and A. Hajnal},

  title =  {On the Maximal Number of Independent Circuits in a Graph},

  journal = "Acta Math. Hung.",

  year = 1963,

  volume = 14,

  pages =  {423-439}

}





@Article{alfs96,

  author = {N. Alon and E. Fischer},

  title =  {$2$-factors in dense graphs},

  journal = "Discrete Math.",

  year = 1996,

  volume = 152,

  pages =  {13-23}

}



@INCOLLECTION{hasz70,

    AUTHOR={A. Hajnal and E. Szemer\'edi},

    TITLE={Proof of a Conjecture of Erd\"{o}s},

    BOOKTITLE={Combinatorial Theory and Its Applications, II},

    EDITOR={P. Erd\"{o}s and V. T.  S\'os, Eds.},

    PUBLISHER={Colloquia Mathematica Societatis J\'anos Bolyai,

                   North-Holland, Amsterdam/London},

    YEAR={1970}}





@Article{be78,

  author = {B. Bollob\'as and S.E. Eldridge},

  title =  {Packing of Graphs and Applications to Computational Complexity},

  journal = "Journal of Combinatorial Theory, Series B",

  year =  1978,

  volume = 25,

  pages =  {105-124}

}

@Article{KS93,

  author = {J. Koml\'os, M. Simonovits},

  title =  { Regularity Lemma and its Applications in Graphs Theory},

  journal =      {Combinatorics, Paul Erd\"{o}s is eighty},

  year =         1993,

  volume =       2,

  pages =        {295-352}

}

@article{BusyginBP02,

  author    = {Stanislav Busygin and

               Sergiy Butenko and

               Panos M. Pardalos},

  title     = {A Heuristic for the Maximum Independent Set Problem Based

               on Optimization of a Quadratic Over a Sphere.},

  journal   = {J. Comb. Optim.},

  volume    = {6},

  number    = {3},

  year      = {2002},

  pages     = {287-297},

  bibsource = {DBLP, http://dblp.uni-trier.de}

}



@Misc{busyginsoftware,

 author =        {Stanislav Busygin},

  title =        {{{QUALEX}: {QU}ick {AL}most {EX}act maximum weight clique/independent set solver}},

  howpublished = {{\sl http://www. busygin.dp.ua/npc.html}}

}

@Misc{uwxml,

 author =        {University of Washington},

  title =        {{XML} Repository},

  howpublished = {\\ {\sl http://www.cs.washington.edu/research/xmldatasets}}

}





@TechReport{wadler,

  author =   {Philip Wadler},

  title =    {A Formal Semantics for Patterns in XSL},

  institution =  {Bell Labs},

  year =     2000

}



@manual{xmlschema0,

     organization = "{World Wide Web Consortium (W3C)}",

     title ="{XML} Schema Part 0: Primer ",

     editor = "David C. Fallside",

     year = 2000,

     note = "{\tt http://www.w3.org/TR/xmlschema-0/ }"



}





@book{dotw,

author    = "Serge Abiteboul and Peter Buneman and Dan Suciu",

title     = "Data on the {Web}. From Relations to Semistructured Data and {XML}",

publisher = "Morgan Kaufman",

year      = "2000"

}



@Misc{ThBeMaMe2000,

 author =        {W3C},

  title =        {{XML Schema}},

  howpublished = {W3C Working Draft},

  month =        may,

  year =         2001

}



@Misc{Th2002,

 author =        {H. Thompson},

  title =        {{Personal communication}},

  year =         2002

}







@Misc{ClDe1999,

 author =    {James Clark and Steve DeRose},

  title =    {{XML Path Language (XPath)}},

  howpublished = {W3C Working Draft},

  month =    nov,

  year =     1999

}





@Misc{ApByChIsJaLeNiRoSuWiWo1998,

  author =   {Vidur {Apparao et al}},

  title =    {{Document Object Model (DOM) Level 1 Specification}},

  howpublished = {W3C Recommendation},

  year =     1998,

  month =    oct,

  note =     {\oneurl{http://www.w3.org/TR/REC-DOM-Level-1/}}

}





@Book{AbHuVi1995,

  author =   {Serge Abiteboul and Richard Hull and Victor Vianu},

  title =    {Foundations of Databases},

  publisher =    {Addison-Wesley},

  year =     1995

}



@Book{Raghu2000,

  author =   {Raghu Ramakrishnan and Johannes Gehrke},

  title =    {Database Management Systems},

  publisher =    {McGraw-Hill Higher Education},

  year =     2000

}





@InProceedings{FaSi2000,

  author =   {Wenfei Fan and J\'er\^ome Sim\'eon},

  title =    {Integrity Constraints for {XML}},

  booktitle =    "PODS",

  year = 2000

}



@Misc{LaJuMaThPaTiMiDe1998,

  author =   {Andrew {Layman et al}},

  title =    {{XML-Data}},

  howpublished =     {W3C Note},

  month =    jan,

  year =     1998,

  note =  "{{\tt http://www.w3.org/TR/1998/NOTE-XML-data}}"

}



@InProceedings{FaLi2001,

  author =   {Wenfei Fan and Leonid Libkin},

  title =    {On {XML} Integrity Constraints in the Presence of {DTD}s},

  booktitle =    "PODS",

  year = 2001

}



@InProceedings{ArFaLi2002,

  author =   {Marcelo Arenas and Wenfei Fan and Leonid Libkin},

  title =    {On Verifying Consistency of {XML} Specifications },

  booktitle =    "PODS",

  year = 2002

}

@InProceedings{ArFaLi2002a,

  author =   {Marcelo Arenas and Wenfei Fan and Leonid Libkin},

  title =    {What's Hard about {XML Schema} Constraints?},

  booktitle =    "DEXA",

  year = 2002

}

@InProceedings{schemasql,

  author =       {Laks Lakshmanan and Fereidoon Sadri and Iyer N. Subramanian},

  title =        {Schema{SQL} -- A Language for Interoperability in Relational Multi-database Systems},

  booktitle =    "VLDB",

  year = 1996

}





@InProceedings{Vianu2001a,

  author =   {Victor Vianu},

  title =    {A {Web} Odyssey: From {Codd} to {XML}},

  booktitle =    "PODS'01"

}





@TechReport{FaLi2000a,

  author =   {Wenfei Fan and Leonid Libkin},

  title =    {Finite Satisfiability of Keys and Foreign Keys

         for {XML} Data},

  institution =  {Dept. of CIS, Temple University},

  year =     2000,

  number =   {TUCIS-TR-2000-002}

}

@TechReport{FaLi2000b,

  author =   {Wenfei Fan and Leonid Libkin},

  title =    {Finite Implication of Keys and Foreign Keys

          for {XML} Data},

  institution =  {Dept. of CIS, Temple University},

  year =     2000,

  number =   {TUCIS-TR-2000-004}

}



@Book{HoUl79,

  author =       {John E. Hopcroft and Jeffery D. Ullman},

  title =        {Introduction to Automata Theory, Languages and Computation},

  publisher =    {Addision Wesley},

  year =         1979

}



@Book{Papa1994,

  author =   {Christos H Papadimitriou},

  title =    {Computational Complexity},

  publisher =    {Addison-Wesley},

  year =     1994

}



@Misc{Clar1999,

  author =   {James Clark},

  title =    {{{XSL} Transformations ({XSLT})}},

  howpublished = {W3C  Recommendation},

  month =    nov,

  year =     1999,

  note =  {\oneurl{\tt http://www.w3.org/TR/xslt}}

}



@Misc{RoLaSc1998,

  author =   {Jonathan Robie and Joe Lapp and David Schach},

  title =    {{{XML} Query Language ({XQL})}},

  howpublished = {Workshop on {XML} Query Languages},

  month =    dec,

  year =     1998

}



@Misc{byron,

  author =   {Byron Choi and Arnaud Sahuguet},

  title =    "{DTD Inquisitor Demonstration}",

  note =     {\\ {\tt http://xml.cis.upenn.edu/DTDi/}}

}



@InProceedings{AbVi1997b,

  author =       {Serge Abiteboul and Victor Vianu},

  title =        {Regular Path Queries with Constraints},

  booktitle =    "PODS'97",

  pages =        {122-133}

}



@Article{BuFaWe,

  author =       {Peter Buneman and Wenfei Fan and Scott Weinstein},

  title =        {Path Constraints in Semistructured Databases},

  journal =      "JCSS",

  year  =        {in press}

}



@InProceedings{BuFaWe1998,

  author =       {Peter Buneman and Wenfei Fan and Scott Weinstein},

  title =        {Path Constraints on Semistructured and Structured Data},

  booktitle =    "PODS'98",

  pages =        {129-138}

}





@InProceedings{BuFaWe1999a,

  author =       {Peter Buneman and Wenfei Fan and Scott Weinstein},

  title =        {Interaction between Path and Type Constraints},

  booktitle =    "PODS'99",

  pages =        {56-67},

}



@InProceedings{BuFaWe1999b,

  author =       {Peter Buneman and Wenfei Fan and Scott Weinstein},

  title =        {Query optimization for semistructured data using

          path constraints in a deterministic data model},

  booktitle =    "DBPL'99"

}



@InProceedings{HaDa1999,

  author =       {Carmem  Hara and Susan Davidson},

  title =        {Reasoning about Nested Functional Dependencies},

  booktitle =    "PODS'99",

  pages =        {91-100}

}



@Article{ItWe95,

  author =       {Minoru Ito and Grant E. Weddell},

  title =        {Implication Problems for Functional Constraints on

                 Databases Supporting Complex Objects},

  journal =      "JCSS",

  year =         1995,

  volume =       50,

  number =       1,

  pages =        {165-187}

}

@Article{BoWe94,

  author =       {Martin F. van Bommel and Grant E. Weddell},

  title =        {Reasoning About Equations and Functional

                  Dependencies on Complex Objects},

  journal =      "IEEE TKDE",

  year =         1994,

  volume =       6,

  number =       3,

  pages =        {455-469}

}



@book{fol,

author    = "H. B. Enderton",

title     = "A Mathematical Introduction to Logic",

publisher = "Academic Press",

year      = "1972"

}







@InProceedings{BuDaFaHaTa2000a,

  author =   {Peter Buneman and Susan Davidson and Wenfei Fan and

          Carmem Hara and WangChiew Tan},

  title =    {Keys for {XML}},

  booktitle =    "WWW'10",

  year =     2001

}





@InProceedings{BuDaFaHaTa2001,

  author =   {Peter Buneman and Susan Davidson and Wenfei Fan and

          Carmem Hara and WangChiew Tan},

  title =    {Reasoning about Keys for {XML}},

  booktitle =    "DBPL",

  year =     2001

}



@TechReport{BuDaFaHaTa2000b,

  author =   {Peter Buneman and Susan Davidson and Wenfei Fan and

          Carmem Hara and WangChiew Tan},

  title =    {Reasoning about keys for {XML}},

  institution =  {Temple University},

  year =     2000,

  number =   {TUCIS-TR-2000-005}

}

@Article{survey,

  author =       {Peter Buneman and Wenfei Fan and J\'er\^ome Sim\'eon and

                 Scott Weinstein},

  title =        {Constraints for Semistructured Data and {XML}},

  journal =      {SIGMOD Record},

  volume  =      30,

  number  =      1,

  year =         2001

}









@Unpublished{BuDaFaHaTa2000c,

  author =   {Peter Buneman and Susan Davidson and Wenfei Fan and

          Carmem Hara and WangChiew Tan},

  title =    {Reasoning about relative keys for {XML}},

  note =     {Draft manuscript},

  year =     2000

}



@Misc{BrPaSp1998,

  author =   {W3C},

  title =    {{Extensible Markup Language ({XML}) 1.0}},

  howpublished = {W3C Recommendation},

  year =     1998,

  month =    feb,

  note =     {\\\oneurl{http://www.w3.org/TR/REC-xml/}}

}

@Book{Ullm1988,

  author =   {Jeffrey D. Ullman},

  title =    {Database and Knowledge Base Systems},

  publisher =    {Computer Science Press},

  year =     1988

}



@Book{GaJo79,

  author =       {Michael Garey and David Johnson},

  title =        {Computers and Intractability: A Guide to the Theory

          of {NP}-Completeness},

  year =         1979

}



@Book{LePa81,

  author =       {Harry R. Lewis  and Christos H. Papadimitrious},

  title =        {Elements of the Theory of Computation},

  publisher =    {Prentice-Hall},

  year =         1981

}



@InProceedings{LenPODS94,

  author =   {Diego Calvanese and Maurizio Lenzerini},

  title =    {Making Object-Oriented Schemas More Expressive},

  booktitle =    "PODS'94"

}



@InProceedings{LenICDE94,

  author =   {Diego Calvanese and Maurizio Lenzerini},

  title =    {On the Interaction Between ISA and Cardinality Constraints},

  booktitle =    "ICDE'94"

}



@Article{CoKaVa1990,

  author =   {Stavros S. Cosmadakis and Paris C. Kanellakis and Moshe Y. Vardi},

  title =    {Polynomial-Time Implication Problems for Unary Inclusion Dependencies},

  journal =      "J. ACM",

  year =     1990,

  volume =   37,

  number =   1,

  pages =    {15-46},

  month =    jan

}



@InProceedings{BeMi1999,

  author =   {Catriel Beeri and Tova Milo},

  title =    {Schemas for Integration and Translation of

          Structured and Semi-Structured Data},

  booktitle =    "ICDT'99",

  pages =    {296-313}

}



@Article{ClDeLe1999,

  author =   {Diego Calvanese and Giuseppe {De Giacomo} and Maurizio Lenzerini},

  title =    {Representing and reasoning on {XML} documents: A description logic approach},

  journal =      {J. Logic and Computation},

  year =     1999,

  volume =   9,

  number =   3,

  pages =    {295-318}

}





@InProceedings{DePoTa2000,

  author =   {Alin Deutsch and Lucian Popa and Val Tannen},

  title =    {Physical Data Independence, Constraints, and Optimization

                 with Universal Plans},

  booktitle =    "VLDB'99"

}



@Article{Papa1981,

  author =       {Christos H. Papadimitriou},

  title =        {On the Complexity of Integer Programming},

  journal =      {J. {ACM}},

  year =         1981,

  volume =       28,

  number =       4,

  pages =        {765-768}

}



@Article{FlRaVa1996,

  author =   {Daniela Florescu and Louiqa Raschid and Patrick Valduriez},

  title =    {A Methodology for Query

        Reformulation in {CIS} Using Semantic Knowledge},

  journal =     {Int'l J. Cooperative Information Systems ({IJCIS})},

  year =     1996,

  volume =   5,

  number =   4,

  pages =    {431-468}

}



@PhdThesis{Lucian2000,

  author =   {Lucian Popa},

  title =    {Object/Relational Query Optimization with Chase and

          Backchase},

  school =   {University of Pennsylvania},

  year =     2000

}



@Article{Lenstra,

  author =       {H. W. Lenstra},

  title =        {Integer Programming in a Fixed Number of Variables},

  journal =      {{Math. Oper. Res.}},

  volume =   8,

  pages =    {538-548},

  year  =        1983

}



@book{sql,

author    = {J. Melton and A. Simon},

title     = {Understanding the New {SQL}: A Complete Guide},

publisher = {Morgan Kaufman},

year      = 1993

}



@InProceedings{BaGuLuMaPaVeCh1999,

  author = {Chaitanya Baru and Amarnath Gupta and Bertram

         Lud\"ascher and Richard Marciano and Yannis

          Papakonstantinou and Pavel Velikhov and Vincent Chu},

  title =    {{XML}-Based Information Mediation with {MIX}},

  booktitle =    "SIGMOD",

  year = 2000

}









@InProceedings{PaVi00,

  author =   {Yannis Papakonstantinou and Victor Vianu},

  title =    {Type inference for views of semistructured data},

   booktitle =   "PODS",

   year = 2000

}

@InProceedings{victor,

author = {Noga Alon and Tova Milo and Frank Neven and Dan Suciu

          and Victor Vianu},

title =     {{XML} with Data Values: Typechecking Revisited},

   booktitle =   "PODS",

   year = 2001

}



@book{solvable,

author    = {B. Dreben and W. D. Goldfarb},

title     = {The Decision Problem:

          Solvable Classes of Quantificational Formulas},

publisher = {Addison-Wesley},

year      = 1979

}



@Article{MaRo1975,

  author =   {Y Matiyasevich and J Robinson},

  title =    {Reduction of an arbitrary {Diophantine} equation to

                 one in 13 unknowns},

  journal =      {{Acta Arithmetica}},

  volume =   27,

  pages =    {521-553},

  year  =        1975

}



@Article{FlLeMe1998,

  author =   {Daniela Florescu and Alon Levy and Alberto O. Mendelzon},

  title =    {Database Techniques for the {World-Wide Web}: A Survey},

  journal =      {{SIGMOD Record}},

  volume =   27,

  number =       3,

  pages =    {59-74},

  year  =        1998

}



@InProceedings{FeSiWa2001,

  author =   {Mary F. Fernandez and J\'er\^ome Sim\'eon and Philip Wadler},

  title =    {A Semi-monad for Semi-structured Data},

   booktitle =   "ICDT'01",

  pages = {263-300}



}



@InProceedings{HoPi2000,

  author =   {Haruo Hosoya and Benjamin C. Pierce},

  title =    {{XDuce}: A Typed {XML} Processing Language

                (Preliminary Report)},

  booktitle =    "WebDB'00",

  pages = {111-116}

}



@InProceedings{Tarskian,

  author =   {David McAllester and Robert Givan and

                   Carl Witty and Dexter Kozen},

  title =    {Tarskian Set Constraints},

  booktitle =    LICS,

  pages = {138-147},

  year = 1996

}

@Article{Klu80,

  author =   {A. Klug},

  title =    {Calculating constraints on relational expressions},

  journal =      "ACM Trans. on Database Systems",

  year =     1980,

  volume =   5,

  number = 3,

  pages =    {260-290}

}



@Article{var81,

  author =   {M. Y. Vardi},

  title =    {The decision problem for database dependencies},

  journal =      "Inf. Proc. Letters",

  year =     1981,

  volume =   12,

  number = 5,

  pages =    {251-254}

}



@inproceedings{ deutsch99storing,

    author = "Alin Deutsch and Mary Fernandez and Dan Suciu",

    title = "Storing semistructured data with {STORED}",

    booktitle = "SIGMOD'99",

    pages = "431--442",

    year = "1999"

}

@inproceedings{ juliana,

    author = {Philip Bohannon and Juliana Freire and Prasan Roy and

    J Simeon},

    title = {From {XML} Schema to Relations:

     A Cost-based Approach to {XML} Storage},

    booktitle = "ICDE",

    year = 2002

}



@article{shan99,

 author = {J {Shanmugasundaram et al}},

 title = "Relational Databases for Querying {XML} Documents:

      Limitations and Opportunities",

     journal = "{VLDB} Journal",

    pages = "302-314",

    year = "1999"

}



@Article{shan01,

 author = {J. {Shanmugasundaram et al}},

 title = {A General Technique for Querying {XML}

        Documents using a Relational Database System},

  journal = "SIGMOD Record",

  volume = 30,

  number = 3,

  pages = "20-26",

  year = 2001

}





@manual{oracle9i,

     organization = "{Oracle Corporation}",

     title ="Oracle9i Application Developer's Guide - {XML}, Release 1 (9.0.1)

",

     editor = "Shelley Higgins",

     year = 2001,

     note = "{\tt http://download-west.oracle.com/otndoc/oracle9i/901\_doc/appdev.901/a88894/toc.htm}"

}



@inproceedings{chu2000,

     author = "Dongwon Lee and  Wesley W. Chu",

     title =  "Constraints-preseving Transformation from {XML} Document Type

               Definition to Relational Schema",

     booktitle = "Proc. of Int'l Conf. on Conceptual

               Modeling (ER)",

     year = "2000"

}



@article{manolescu00agora,

    author = "Ioana Manolescu and Daniela Florescu and Donald Kossmann and Florian Xhumari and Don Olteanu",

    title = "Agora: Living with {XML} and Relational",

    journal = "{VLDB} Journal",

    pages = "623-626",

    year = "2000",

    url = "citeseer.nj.nec.com/manolescu00agora.html"

}



            author =     {Vidur {Apparao et al}},

  title =    {{Document Object Model (DOM) Level 1 Specification}},

  howpublished = {W3C Recommendation},

  year =     1998,

  month =    oct,

  note =     {\oneurl{http://www.w3.org/TR/REC-DOM-Level-1/}}

}



@misc{ manolescu01pushing,

  author = "I. Manolescu and D. Florescu and D. Kossmann",

  title = "Pushing {XML} queries inside relational databases",

  howpublished = "Tech. Report no. 4112, INRIA",

  year = 2001

}



@inproceedings{ schmidt00,

    author = "Albrecht Schmidt and Martin L. Kersten and Menzo Windhouwer and Florian Waas",

    title = "Efficient Relational Storage and Retrieval of {XML} Documents",

    booktitle = "WebDB (Informal Proceedings)",

    pages = "47-52",

    year = "2000",

    url = "citeseer.nj.nec.com/schmidt00efficient.html"

}





@Article{ beeri1,

    author="C. Beeri and M.V. Vardi",

    title="Formal systems for tuple and

equality generating dependencies",

  journal = "SICOMP",

  year =     1984,

  volume =   13,

  number = 1,

  pages =    {76-98}

}



@Article{beeri2,

   author="C. Beeri and M.Y. Vardi",

   title="A proof procedure for data dependencies",

   journal="J. of ACM",

   year=1984,

   volume=31,

   number=4,

   pages="718-741"

}



@Article{ klug-tab,

  author = "A. Klug and R. Price",

  title = "Determing View Dependencies Using Tableaux",

  journal = "ACM Trans. on Database Systems",

  year = 1982,

  volume = 7,

  number = 3,

  pages = {361-380}

}



@Article{ maier79,

  author = "D. Maier and  A. Mendelzon and Y. Sagiv",

  title = "Testing Implications of Data Dependencies",

  journal = "ACM Trans. on Database Systems",

  volume = 4,

  number = 4,

  pages = {455-469},

  year = 1979

}



@inproceedings{lucian,

  author = " Alin Deutsch and Lucian Popa and Val Tannen",

  title = "Physical Data Independence, Constraints and Optimization

        with Universal Plans",

  booktitle = "VLDB",

  year = 1999

}



@Article{SwissProt,

  author =       {A. Bairoch and R. Apweiler},

  title =        {The {SWISS-PROT} protein sequence database and \

                  its supplement {TrEMBL}},

  journal =      {Nucleic Acids Research},

  volume  =      28,

  year =         2000,

  pages =        {45-48}

}




@misc{

MAGE,

title={{Gene Expression RFP Response}},

author = {{EMBL-EBI (European Bioinformatics Institute)}

         and {Rosetta Inpharmatics}},

month = {August},

year= {2001},

note= {Available at \verb+www.geml.org/omg.htm+.}

}



@misc{XMLDb,

title={{XML and Databases? Follow Your Nose}},

author= {L. Dodds},

month={October},

year={2001},

note={\\

\verb+http://www.xml.com/lpt/a/2001/10/24/follow-yr-nose.html+.}

}



@TechReport{tech-report,

  author =   {Susan Davidson and Wenfei Fan and

          Carmem Hara},

  title =    {Propagating {XML} Keys to Relations},

  institution =  {University of Pennsylvania},

  year =     2001,

  number =   {MS-CIS-01-33}

}

@TechReport{alin2001,

  author =   {Alin Deutsch and Val Tannen},

  title =    {Querying {XML} with Mixed and Redundant Storage},

  institution =  {University of Pennsylvania},

  year =     2002,

  number =   {MS-CIS-02-01}

}



@InProceedings{WOL,

  author = {Susan Davidson and Anthony Kosky},

  title = {{WOL}: A Language for Database

Transformations and constraints},

  booktitle = "ICDE",

  year = {1997}

}



@TechReport{tech-report,

  author =   {Susan Davidson and Wenfei Fan and

          Carmem Hara},

  title =    {Propagating {XML} Keys to Relations},

  institution =  {University of Pennsylvania},

  year =     2001,

  number =   {MS-CIS-01-33}

}



@Misc{xquery,

  author =   {Don {Chamberlin  et al}},

  title =    {{XQuery 1.0: An XML Query Language}},

  howpublished =     {W3C Working Draft},

  month =    jun,

  year =     2001

}



@inproceedings{gottlob1987,

    author = {Georg Gottlob},

    title = {Computing Covers for Embedded Functional Dependencies},

    booktitle = "PODS",

    year =1987

}

@Article{maier1980,

    author = {David Maier},

    title = {Minimum Covers in Relational Database Model},

  journal =      {J. of ACM},

  volume =       27,

  number = 4,

  year =         1980,

  pages =        {664-674}

}

}

@Article{BeBe1979,

  author =       {Catriel Beeri and Philip A. Bernstein},

  title =        {Computational Problems Related to the Design of Normal

                  Form Relational Schemas},

   journal = "ACM Trans. on Database Systems",

  volume = 4,

  number = 1,

  pages = {455-469},

  year = 1979

}



@inproceedings{byron2002,

    author = {Byron Choi},

    title = {What are Real {DTDs} Like},

    booktitle = "WebDB",

    year =2002

}



@TechReport{propTR,

  author =   {Susan Davidson and Wenfei Fan and

          Carmem Hara and Jing Qin},

  title =    {Propagating {XML} Constraints to Relations},

  institution =  {University of Pennsylvania},

  year =     2002,

  number =   {MS-CIS-02-16}

}



@article{

  GUS,

  title={{K2/Kleisli and GUS:  Experiments} in Integrated Access to

          Genomic Data Sources},

  author= {S.~ Davidson and J.~ Crabtree and B.~ Brunk and J.~ Schug and V.~

          Tannen and C.~ Overton and C.~ Stoeckert},

  journal={{IBM Systems Journal}},

  volume= {40},

  number= {2},

  pages={512-531},

  year={2001}}









@inproceedings{victor-update,

  author =   {Yannis Papakonstantinou and Victor Vianu},

  title =    {Incremental Validation of {XML} Documents},

  booktitle =    {ICDT},

  year =     2003

}



@inproceedings{atg,

  author =   {Michael Benedikt and Chee Yong Chan and

                 Wenfei Fan and Rajeev Rastogi and

                Shihui Zheng and Aoying Zhou},

  title =    {{DTD}-Directed

         Publishing with Attribute Translation Grammars},

  booktitle =    {VLDB},

  year =     2002

}





@book{tree-automata,

author    = "Hubert Comon and Max Dauchet and Remi Gilleron and

             Florent Jacquemard and Denis Ligiez and Sophie Tison

             and Marc Tommasa",

title     = "Tree Automata Techniques and Applications",

publisher = "Online",

year      = 1999

}



@ARTICLE{rm94,

        AUTHOR={A. Rangarajan and E. Mjolsness},

        title = {A Lagrangian Relaxation Network for Graph Matching},

        JOURNAL={IEEE Intl. Conf. on Neural Networks (ICNN)},

        VOLUME={7},

        pages = {4629--4634, IEEE Press},

        year = {1994}}



@ARTICLE{ad93,

        AUTHOR={H. A. Almohamad and S.O. Duffuaa},

    TITLE={A Linear Programming Approach for the Weighted Graph

                  Matching Problem},

    JOURNAL={IEEE Trans. Patt. Anal. Mach. Intell.},

    VOLUME={15},

    PAGES={522--525},

    YEAR={1993}}



@ARTICLE{um88,

        AUTHOR={S. Umeyama},

    TITLE={An Eigendecomposition Approach to Weighted Graph

                  Matching Problems},

    JOURNAL={IEEE Trans. Patt. Anal. Mach. Intell.},

    VOLUME={10},

    PAGES={695--703},

    YEAR={1988}}



@inproceedings{integration-survey1,

  author =   {Maurizio Lenzerini},

  title =    {Data Integration: A Theoretical Perspective},

  booktitle =    {PODS},

  year =     2002

}



@article{integration-survey2,

    author =     {Erhard Rahm and Philip A. Bernstein},

  title={A survey of approaches to automatic schema matching},

  journal={{VLDB Journal}},

  year={2001}

}

@InProceedings{silkroute1,

  author =       {Mary F. Fernandez and WangChiew Tan and Dan Suciu},

  title =        {{SilkRoute}: Trading between Relations and {XML}},

  booktitle =     "WWW",

  year =        2000

}

@InProceedings{silkroute2,

  author =       {Mary F. Fernandez and Atsuyuki Morishima and Dan Suciu},

  title =        {Efficient Evaluation of {XML} Middleware Queries},

  booktitle =    "SIGMOD",

  year =        2001

}



@InProceedings{typechecking,

  author =   {Noga Alon and Tova Milo and Frank Neven and Dan Suciu and

                 Victor Vianu},

  title =    {Typechecking {XML} Views of Relational Databases},

  booktitle =    LICS,

  year =    2001

}



@InProceedings{xperanto,

  author =   {Michael J. Carey and Daniela Florescu and Zachary G. Ives and

     Ying Lu and Jayavel Shanmugasundaram and Eugene J. Shekita and

     Subbu N. Subramanian},

  title =    {{XPERANTO}: Publishing Object-Relational Data as {XML}},

  booktitle =    "WebDB",

  year =    2000

}





@Article{publishing1,

  author =   {Jayavel Shanmugasundaram and Eugene J. Shekita and Rimon Barr and

      Michael J. Carey and Bruce G. Lindsay and Hamid Pirahesh and Berthold Reinwald},

  title =    {Efficiently publishing relational data as {XML} documents},

 journal =   "VLDB Journal",

  volume =   10,

  number =   {2-3},

  pages =    {133-154},

  year =    2001

}





@InProceedings{publishing2,

  author = {Jayavel Shanmugasundaram and Jerry Kiernan and Eugene J. Shekita

          and Catalina Fan and John Funderburk},

  title =    {Querying {XML} Views of Relational Data},

  booktitle =    VLDB,

  year =    2001

}



@Misc{odbc2xml,

  author =   {{Intelligent Systems Research}},

  title =    {{XML} from databases: {ODBC2XML}},

  note =  "{\\{\tt http://www.intsysr.com/odbc2xml.htm}}"

}



@InProceedings{micorsoft,

  author = {Michael Rys},

  title =    {Bringing the Internet to Your Database: Using

    {SQLServer} 2000 and {XML} to Build Loosely-Coupled Systems},

  booktitle =    ICDE,

  year =    2001

}

@Article{xml-ql,

  author = {Alin Deutsch and Mary F. Fernandez and Daniela Florescu and

   Alon Y. Levy and  Dan Suciu},

  title =    {A Query Language for {XML}},

   journal =     {{Computer Networks}},

   volume = 31,

   number = {11-13},

  pages = {1155-1169},

  year =    1999

}



@Misc{oracle,

  author =   {Oracle},

  title =    {Using {XML} in {Oracle} Internet Applications},

  note =  "{\\{\tt http://technet.oracle.com/tech/xml/}\\

              {\tt info/htdocs/otnwp/about\_xml.htm}}"

}



@Misc{tpc,

  author =   {{Transaction Processing Performance Council}},

  title =    {{TPC-H Benchmark}},

  note =  "{{\tt http://www.tpc.org}}"

}



@Article{agsurvey,

 author =        {Alexandru Mateescu and Arto Salomaa},

  title =        {Aspects of classical language theory},

  journal = {{Handbook of Formal Languages, vol. 1}},

  pages = {175-252},

  year =         1997

}





@Article{clio,

 author =  {Renee J. Miller and Mauricio A. Hern\'{a}ndez

           and Laura M. Haas

            and Ling-Ling Yan and C. T. Howard Ho and

            Ronald Fagin and Lucian Popa},

  title =  {The {Clio} Project: Managing Heterogeneity},

  journal = {{SIGMOD Record}},

  volume =     30,

  number =       1,

  pages = {78-83},

  year =         2001

}



@InProceedings{AbClMi1997,

  author =   {Serge Abiteboul and Sophie Cluet and Tova Milo},

  title =    {Correspondence and Translation for Heterogeneous Data},

  booktitle =    "ICDT",

  year =     1997

}



@InProceedings{ecfg,

  author =   {P. Kilpelainen and D. Wood},

  title =    {{SGML} and Exceptions},

  booktitle =    "PODB",

  year =     1996

}



@Misc{CML,

  author =       {{CML}},

  note =  "{{\tt http://www.xml-cml.org}}"

}



@Misc{BIOML,

  author =       {{BIOML}},

  note =  "{{http://www.bioml.com/BIOML}}"

}





@Misc{ProML,

  author =       {{ProML}},

  note =  "{{http://cartan.gmd.de/promlweb}}"

}

@Article{AGs,

  author =   {P. Deransart and M. {Jourdan (eds)}},

  title =    {{Attribute Grammars and their Applications}},

  journal =      {LNCS 461},

  publisher = {{Spinger-Verlag}},

  year  =        1990

}



@InProceedings{AbClMi1993,

  author =   {Serge Abiteboul and Sophie Cluet and Tova Milo},

  title =    {Querying and Updating the File},

  booktitle =    {VLDB},

  year =     1993

}



@InProceedings{Neve1999,

  author =   {Frank Neven},

  title =    {Extensions of attribute grammars for

                 structured document queries},

  booktitle =    {DBPL},

  year = 1999

}



@Article{Neven1999,

  author =   {Frank Neven and Jan Van den Bussche},

  title =    {Extensions of attribute grammars for structured

              document queries},

  journal =      {{JACM}},

    year =       2002,

  volume =       49,

  number =       1,

  pages =        {56-100}

}



@Article{AG2,

  author =   {Pierre Deransart and Martin Jourdan and Bernard

                 {Lorho (eds)}},

  title =    {{Attribute Grammars}},

  journal =      {LNCS 323},

  publisher = {{Spinger-Verlag}},

  year  =        1988

}

@Book{odmg,

  author =        {R. G. Cattell},

  title =        {The Object Database Standard: ODMG 3.0},

  publisher =    {Morgan Kaufmann},

  year =         2000

}





@inproceedings{ baru99xmlbased,

    author = "Chaitan Baru and Amarnath Gupta and Bertram Lud{\"a}scher and Richard Marciano and Yannis Papakonstantinou and Pavel Velikhov and Vincent Chu",

    title = "{XML}-based information mediation with {MIX}",

    booktitle = "Demo Session, ACM SIGMOD International Conference on Management of Data",

    pages = "597--599",

    year = "1999",

    url = "citeseer.nj.nec.com/baru99xmlbased.html" }



@article{hull88restructuring,

    author = "Serge Abiteboul and Richard Hull",

    title = "Restructuring Hierarchical Database Objects",

    journal = "TCS",

    volume =  62,

    number = "1-2",

    year = 1988 }



@inproceedings{ papak99enhancing,

    author = "Yannis Papakonstantinou and Pavel Velikhov",

    title = "Enhancing Semistructured Data Mediators with Document Type Definitions",

    booktitle = "{ICDE}",

    pages = "136-145",

    year = "1999",

    url = "citeseer.nj.nec.com/papakonstantinou99enhancing.html" }



@inproceedings{ davidsonwol,

    author = "{Susan Davidson and A. Kosky}",

    title = "{WOL: A Language for Database Transformations and Constraints}",

    booktitle = "{Proceedings of the International Conference of Data Engineering}",

    pages = "{55--65}",

    year = "{1997}",

    url = "citeseer.nj.nec.com/davidson97wol.html" }



@inproceedings{ papak96object,

    author = "Yannis Papakonstantinou and Serge Abiteboul and Hector Garcia-Molina",

    title = "Object Fusion in Mediator Systems",

    booktitle = "Proceedings of the Twenty-second International Conference on Very Large Databases",

    pages = "413--424",

    year = "1996",

    url = "citeseer.nj.nec.com/papakonstantinou96object.html" }



@inproceedings{ millerinfocapacity,

        author = "Renee J. Miller and  Yannis E. Ioannidis and Raghu Ramakrishnan",

        title = "The Use of Information

Capacity in Schema Integration and Translation",

        booktitle = "VLDB",

        year = "1993" }





@inproceedings{clio-vldb00,

    author = "Renee J. Miller and  Laura M. Haas and Mauricio A. Hern\'{a}ndez",

    title = "Schema Mapping as Query Discovery",

    booktitle = "VLDB",

    year = "2000" }



@inproceedings{miller02translating,

    author = "Lucian Popa and Yannis Velegrakis and Renee

             J. Miller and Mauricio A. Hern\'{a}ndez and Ronald Fagin",

    title = "Translating Web Data",

    booktitle = "VLDB",

    year = "2002" }



@inproceedings{ cluet98your,

    author = "Sophie Cluet and Claude Delobel and J{\'e}r{\^o}me Sim{\'e}on and Katarzyna Smaga",

    title = "Your mediators need data conversion!",

    booktitle = "SIGMOD",

    year = "1998"}



@inproceedings{ milobeeri99,

    author = "C. Beeri and T. Milo",

    title = "Schemas for integration and translation of structured and semi-structured data",

    booktitle = "Proceedings of the International Conference on Database Theory",

    month = "January",

    year = "1999" }



@inproceedings{transcm,

    author = "Tova Milo and Sagit Zohar",

    title = "Using Schema Matching to Simplify Heterogeneous Data Translation",

    booktitle = "VLDB",

    year = "1998"

}



@misc{ dsd,

  author = "Nils Klarlund and Anders M??????ller and Michael I. Schwartzbach",

  title = "The DSD Schema Language and its Applications",

  year = "2000",

  url = "citeseer.nj.nec.com/384353.html" }



@inproceedings{atzeni97,

  author    = {Paolo Atzeni and

               Riccardo Torlone},

  editor    = {Joan Peckham},

  title     = {MDM: a Multiple-Data-Model Tool for the Management of Heterogeneous

               Database Schemes},

  booktitle = {SIGMOD 1997, Proceedings ACM SIGMOD International Conference

               on Management of Data, May 13-15, 1997, Tucson, Arizona, USA},

  publisher = {ACM Press},

  year      = {1997},

  pages     = {528-531},

  bibsource = {DBLP, http://dblp.uni-trier.de}

}



@inproceedings{ atzeni96management,

    author = "Paolo Atzeni and Riccardo Torlone",

    title = "Management of Multiple Models in an Extensible Database Design Tool",

    booktitle = "Extending Database Technology",

    pages = "79-95",

    year = "1996",

    url = "citeseer.nj.nec.com/atzeni96management.html" }





@InProceedings{ZBRUV02:sigmod,

  author = {V. Zadorozhny and L. Bright and L. Raschid and T. Urhan and M.E. Vidal},

  title =    "{Efficient Evaluation of Queries in Mediator for WebSources}",

  booktitle =    "SIGMOD",

  pages =    {597-599},

address = "Madison, Wisconsin",

  year = 2002

}







@inproceedings{FLMD99:sigmod,

author    = {D. Florescu and A. Y. Levy and I. Manolescu and D. Suciu},

title     = "{Query Optimization in the Presence of Limited Access Patterns}",

booktitle = "SIGMOD",

address = "Philadelphia, Pennsylvania",

year      = {1999},

month = "June",

pages     = {311-322}

}









@inproceedings{ BFMV00:icde,

author = "L. Bouganim and F. Fabret and C. Mohan and P. Valduriez",

title = "{Dynamic Query Scheduling in Data Integration Systems}",

booktitle = "{ICDE}",

pages = "425--434",

year = "2000",

address = "San Diego, CA",

month = "March"

}







@inproceedings{IFFLW99:sigmod,

author    = "Z. G. Ives and D. Florescu and M. Friedman and A. Y. Levy and D.S. Weld",

title     = "{An Adaptive Query Execution System for Data Integration}",

booktitle = "SIGMOD",

address = "Philadelphia, Pennsylvania",

month = "June",

year      = {1999},

pages     = "299--310"

}





@incollection{RSBJ95:book,

author = "V.J. Rayward-Smith and F.W. Burton and G.J.Janacek",

editor = " P. Chretienne and  E.G. Coffman and J.K. Lenstra and Z. Liu",

booktitle = "{Scheduling Theory and its Applications}",

title = "{Scheduling Parallel Programs Assuming Preallocation}",

pages = "145-165",

publisher = "John Wiley \& Sons",

year = 1995

}







%%%%%%%%%%%%%%%%%%%%%%%%%%%%%%%%%%%%%%%%%%%%%%%%%%%%%%%%%%%%%%%%%%%%%%%%%%%%%%%%%%%%%%%%%



@inproceedings{HoS91:pdis,

author    = {W. Hong and M. Stonebraker},

title     = "{Optimization of Parallel Query Execution Plans in XPRS}",

booktitle = "PDIS",

year      = {1991},

pages     = {218-225},

address = "Miami Beach, Florida",

month = "December"

}



@article{Kos00:csur,

author = "D. Kossman",

title = "{The State of the Art in Distributed Query Processing}",

journal = "ACM Computing Surveys",

month = "December",

volume =  32,

number = 4,

pages = {422-469},

year = "2000" }







@article{KoS00:tods,

author = "D. Kossman and K. Stocker",

title = "{Iterative Dynamic Programming: A New Class of Query Optimization Algorithms}",

journal = "TODS",

month = "March",

volume =  25,

number = 1,

pages = {43-82},

year = "2000" }







@inproceedings{GHK92:sigmod,

author    = {S. Ganguly and W. Hasan and R. Krishnamurthy},

title     = "{Query Optimization for Parallel Execution}",

booktitle = "SIGMOD",

address = "San Diego, California",

month = "June",

year      = {1992},

pages     = {9-18}

}





@inproceedings{SAC79:sigmod,

author    = {P.G. Selinger and M.M. Astrahan and D.D. Chamberlin and R.A. Lorie and T.G. Price},

title     = "{Access Path Selection in a Relational Database Management System}",

booktitle = "SIGMOD",

address = "Boston, Massachusetts",

month = "May",

year      = {1979},

pages     = {23-34}

}





@inproceedings{WFA95:sigmod,

author    = {A.N. Wilschut and J. Flokstra and P.M.G. Apers},

title     = "{Parallel Evaluation of Multi-Join Queries}",

booktitle = "SIGMOD",

address = "San Jose, California",

month = "May",

year      = {1995},

pages     = {115-126}

}





@inproceedings{CaL86:sigmod,

author    = {M.J. Carey and H. Lu},

title     = "{Load Balancing in a Locally Distributed Database System}",

booktitle = "SIGMOD",

address ="Washington, D.C.",

month = "May",

year      = {1986},

pages     = {108-119}

}





@inproceedings{DKS92:vldb,

author    = {Weimin Du and Ravi Krishnamurthy and Ming-Chien Shan},

title     = "{Query Optimization in a Heterogeneous DBMS}",

booktitle = "VLDB",

month = "August",

address = "Vancouver, Canada",

year      = {1992},

pages     = {277-291}

}





@inproceedings{DSD95:sigmod,

author    = {W. Du and M.-C. Shan and U. Dayal},

title     = "{Reducing Multidatabase Query Response Time by Tree Balancing}",

booktitle = "SIGMOD",

address = "San Jose, California",

month = "May",

year      = {1995},

pages     = {293-303}

}





@inproceedings{UFA98:sigmod,

author    = {T. Urhan and M.J. Franklin and L. Amsaleg},

title     = "{Cost Based Query Scrambling for Initial Delays}",

booktitle = "SIGMOD",

year      = {1998},

pages     = {130-141}

}







@article{network1,

author = {Peter Buneman and Susan Davidson and Wenfei Fan and

          Carmem Hara and WangChiew Tan},

title = {Keys for {XML}},

journal = "Computer Networks",

month = aug,

volume = 39,

number = 5,

pages = {473-487},

year = 2002 }



@article{jacm,

  author =   {Wenfei Fan and Leonid Libkin},

  title =    {On {XML} Integrity Constraints in the Presence of {DTD}s},

journal = JACM,

month = may,

volume = 49,

number = 3,

pages = {368-406},

year = 2002 }

}





@article{GLR97:tods,

author    = {C.A. Galindo-Legaria and A. Rosenthal},

title     = "{Outerjoin Simplification and Reordering for Query Optimization}",

journal   = {TODS},

volume    = {22},

number    = {1},

year      = {1997},

pages     = {43-73}

}





@InProceedings{RLL01:icde,

  author = "{J. Rao and B. Lindsay and G. Lohman and H. Pirahesh and D. Simmen}",

  title = "{Using EELs,  a  Practical Approach to Outerjoin and Antijoin Reordering}",

  booktitle = "ICDE",

pages = {585-594},

  year = {2001}

}



@InProceedings{haasvldb97,

author= {Laura M. Haas and Donald Kossmann and Edward L.Wimmers and Jun Yang},

title={Optimizing Queries across Diverse Data Sources},

booktitle="VLDB",

year= 1997

}



@InProceedings{hector02,

author= {Sergey Melnik and Hector Garcia-Molina and Erhard Rahm},

title={Similarity Flooding: A Versatile Graph Matching Algorithm},

booktitle="ICDE",

year= 2002

}



@InProceedings{alon01,

author= {AnHai Doan and Pedro Domingos and Alon Y. Halevy},

title={Reconciling Schemas of Disparate Data Sources:

       A Machine-Learning Approach},

booktitle="SIGMOD",

year= 2001

}





@InProceedings{mitra00,

author= {Prasenjit Mitra and Gio Wiederhold and Martin L. Kersten},

title={A Graph-Oriented Model for Articulation of Ontology Interdependencies},

booktitle="EDBT",

year= 2000

}



@Article{lerner03,

  author =   {Barbara Staudt Lerner},

  title =    {A model for compound type changes encountered in

                 schema evolution},

  journal =      {TODS},

  volume =       25,

  number =       1,

  pages =        {83-127},

  year  =        2003

}



@InProceedings{cupid,

author= {Jayant Madhavan and Philip A. Bernstein and Erhard Rahm},

title={Generic Schema Matching with {Cupid}},

booktitle="VLDB",

year= 2001

}





@InProceedings{ont1,

  author =   {Bernd Amann and Catriel Beeri

                  and Irini Fundulaki and Michel Scholl},

  title =    {Ontology-Based Integration of {XML Web} Resources},

  booktitle =    "International Semantic Web Conference",

  year =     2003

}



@InProceedings{ont2,

  author =   {Diego Calvanese and Giuseppe De Giacomo and

                   Maurizio Lenzerini},

  title =    {Ontology of Integration and Integration of Ontologies},

  booktitle =    "Description Logics",

  year =     2001

}



@InProceedings{ont3,

  author =   {Gregory Karvounarakis and Sofia Alexaki and

                   Vassilis Christophides and Dimitris Plexousakis and

                    Michel Scholl},

  title =    {{RQL}: a declarative query language for {RDF}},

  booktitle =    WWW,

  year =     2002

}



@Article{ont4,

  author =   {Silvana Castano and Alfio Ferrara},

  title =    {Knowledge Representation and Transformation

                  in Ontology-based Data Integration},

  journal =      "Knowledge Transformation for the Semantic Web 2003",

  year =     2003

}



@InCollection{DL,

  author =       "Diego Calvanese and De Giacomo, Giuseppe and Maurizio

                  Lenzerini and Daniele Nardi",

  title =        "Reasoning in Expressive Description Logics",

  booktitle =    "Handbook of Automated Reasoning",

  chapter =      23,

  publisher =    "Elsevier Science Publishers",

  year =         2001,

  pages =        "1581--1634",

  editor =       "Alan Robinson and Andrei Voronkov",

}





@Misc{daml,

  author =   {W3C},

  title =    {{DAML+OIL} Reference Description},

  howpublished = {W3C Note},

  year =     2001,

  month =    dec,

  note =     {\\\oneurl{http://www.w3.org/TR/daml+oil-reference}}

}



@InProceedings{subsumption,

  author =   {Gabriel M. Kuper and Jerome Simeon},

  title =    {Subsumption for {XML} types},

  booktitle =    "ICDT",

  year =     2001

}



@InProceedings{bernstein03-1,

  author =   {Sergey Melnik and Erhard Rahm and Philip A. Bernstein},

  title =    {Rondo: A Programming Platform for Generic Model Management},

  booktitle =    "SIGMOD",

  year =     2003

}

@InProceedings{tree-embedding,

  author =   {Torsten Schlieder and Felix Naumann},

  title =    {Approximate Tree Embedding for Querying {XML} Data},

  booktitle =    "EDBT",

  year =     2002

}





@InProceedings{bernstein03-2,

  author =   {Rachel Pottinger and Philip A. Bernstein},

  title =    {Merging Models Based on Given Correspondences},

  booktitle =    "VLDB",

  year =     2003

}



@InProceedings{Skat,

author= {Prasenjit Mitra and Gio Wiederhold and Martin L. Kersten},

title={A Graph-Oriented Model for Articulation of Ontology Interdependencies},

booktitle="EDBT",

year= 2000

}



@InProceedings{SemInt1,

  author =   {Wen-Syan Li and Chris Clifton},

  title =    {Semantic Integration in Heterogeneous Databases

               Using Neural Networks},

  booktitle =    "VLDB",

  year =     1994

}







@Article{SemInt2,

  author =   {Wen-Syan Li and Chris Clifton},

  title =    {{SemInt}: A tool for identifying attribute

         correspondences in heterogeneous databases using neural networks},

  journal =      "Data Knowl Eng",

  volume =       33,

  number =       1,

  pages =        {49-84},

  year =     2000

}





@inproceedings{lossless,

  author =       {Diego Calvanese and Giuseppe De Giacomo and

                  Maurizio Lenzerini and Moshe Y. Vardi},

  title =        {Lossless Regular Views},

  booktitle =    {PODS},

  year =         2002

}

@inproceedings{dike1,

  author =       {L. Palopoli and D. Sacca and D. Ursino},

   title =        {Semi-automatic Semantic Discovery of

                  Properties from Database Schemas},

  booktitle =    {IDEAS},

  year =         1998

}

@article{editing,

author = {Shasha and Dennis and Wang and Jason Tsong Li and

         Zhang and Kaizhong and Shih Frank Y.},

title = {{Exact and Approximate Algorithms for Unordered

          Tree Matching}},

journal = tsmc,

year = 1994,

month = apr,

volume = 24,

number = 4,

pages = {668--678},

mynotes = {

}}



@article{artemis,

  author =   {S. Castano and V. De Antonellis

               and S. De Capitani di Vimercati},

title = {Global Viewing of Heterogeneous Data Sources},

journal = "TKDE",

year = 2001,

volume = 13,

number = 2,

pages = {277-297}

}

@article{miller94,

  author =   {Ren??????e J. Miller and

           Yannis E. Ioannidis and Raghu Ramakrishnan},

title = {Schema equivalence in heterogeneous systems:

           bridging theory and practice},

journal = "IS",

year = 1994,

volume = 19,

number = 1,

pages = {3-31}

}



@ARTICLE{ab93,

    AUTHOR={M. Aigner and S. Brandt},

    TITLE={Embedding arbitrary graphs of maximum degree two},

    JOURNAL={J. London Math. Soc.,},

    VOLUME={48},

    YEAR={1993},

    PAGES={39-51}}



@ARTICLE{Gabow91,

    AUTHOR={H. N. Gabow and R. E. Tarjan},

    TITLE={Faster Scaling Algorithms for General Graph-Matching

Problems},

    JOURNAL={J. ACM },

    VOLUME={38},

    NUMBER={4},

    YEAR={1991},

    PAGES={815-853}}





@ARTICLE{Fredman87,

    AUTHOR={M. L. Fredman and R. E. Tarjan},

    TITLE={Fibonacci heaps and their uses in improved network

    optimization

           algorithms},

    JOURNAL={J. ACM},

    VOLUME={34},

    YEAR={1987},

    PAGES={596-615}}



@article{zss:ipl92,

author = {Zhang, Kaizhong and Statman, Rick

          and Shasha, Dennis},

title = {{On the editing distance between unordered

          labeled trees}},

journal = ipl,

year = 1992,

month = may,

volume = 42,

pages = {133--139},

}



@article{km:siamjc95,

author = {Kilpel{\" a}inen, Pekka and Mannila, Heikki},

title = {{Ordered and Unordered Tree Inclusion}},

journal = siamjc,

year = 1995,

month = apr,

volume = 24,

number = 2,

pages = {340--356},

mynotes = {

}}



@article{swzs:tsmc94,

author = {Shasha, Dennis and Wang, Jason Tsong Li and

     Zhang, Kaizhong and Shih, Frank Y.},

title = {{Exact and Approximate Algorithms for Unordered

      Tree Matching}},

journal = tsmc,

year = 1994,

month = apr,

volume = 24,

number = 4,

pages = {668--678},

mynotes = {

}}

@book{apostolico-galil:97,

editor = {Apostolico, Alberto and Galil, Zvi},

title = {{Pattern Matching Algorithms}},

year = 1997,

publisher = {Oxford University Press},

mynotes = {

}}

@book{aho-etal:74,

author = {Aho, Alfred V. and Hopcroft, John E. and Ullman, Jeffrey D.},

title = {{The Design and Analysis of Computer Algorithms}},

year = 1974,

publisher = {Addison-Wesley Publishing Company},

mynotes = {

}}

@inproceedings{swkc:vldb02,

author = {Schmidt, Albrecht and Waas, Florian and Kersten, Martin

          and Carey, Michael J. and Manolescu, Ioana and Busse, Ralph},

title = {{XMark: A Benchmark for XML Data Management}},

booktitle = "VLDB",

year = 2002

}

@article{hull86,

author = {R Hull},

title = {Relative Information Capacity of Simple Relational Database Schemata},

journal = "SICOMP",

volume = 15,

number = 3,

pages = {239-265},

year = 1986 }



@inproceedings{Maarten,

 author = {Maarten Marx},

 title = {{XPath} with Conditional Axis Relations},

 booktitle = {EDBT},

 year = {2004}

}



@inproceedings{sat,

 author =        {M Benedikt and W Fan and F Geerts},

  title =        {{XPath} satisfiability in the presence of {DTDs}},

  booktitle = "PODS",

  year =         2005

}

@Article{viewsurvey,

  author =       {Alon Y Halevy},

  title =        {Theory of Answering Queries Using Views},

  journal =      {SIGMOD Record},

  volume  =      29,

  number  =      4,

  year =         2001

}

@inproceedings{levy95,

  author =   {Alon Y. Levy and Alberto O. Mendelzon and

                 Yehoshua Sagiv and Divesh Srivastava},

  title =    {Answering Queries Using Views},

  booktitle =    {PODS},

  year =     1995

}

@inproceedings{ullman95,

  author =   {Anand Rajaraman and Yehoshua Sagiv and Jeffrey D. Ullman},

  title =    {Answering Queries Using Templates with Binding Patterns},

  booktitle =    {PODS},

  year =     1995

}

@Article{jan01,

  author =       {Jan Van den Bussche},

  title =        {Rewriting queries using views over monadic database schemas},

  journal =      {Information Processing Letters},

  volume  =      79,

  number  =      3,

  year =         2001

}

@inproceedings{foto99,

  author =   {Foto N. Afrati and Manolis Gergatsoulis and

                 Theodoros G. Kavalieros},

  title =    {Answering Queries Using Materialized Views with

                 Disjunctions},

  booktitle =    {ICDT},

  year =     1999

}

@inproceedings{duschka97,

  author =   {Oliver M. Duschka and Michael R. Genesereth},

  title =    {Answering Recursive Queries Using Views},

  booktitle =    {PODS},

  year =     1997

}

@inproceedings{abiteboul98,

  author =   {Serge Abiteboul and Oliver M. Duschka},

  title =    {Complexity of Answering Queries Using Materialized Views},

  booktitle =    {PODS},

  year =     1998

}

@inproceedings{icdt97,

  author =   {Gosta Grahne and Alberto O. Mendelzon},

  title =    {Tableau Techniques for Querying Information Sources through

                  Global Schemas},

  booktitle =    {ICDT},

  year =     1997

}



@inproceedings{levy97,

  author =   {Catriel Beeri and Alon Y. Levy and Marie-Christine Rousset},

  title =    {Rewriting Queries Using Views in Description Logics},

  booktitle =    {PODS},

  year =     1997

}



@inproceedings{position00,

  author =   {Diego Calvanese and Giuseppe De Giacomo and

                  Maurizio Lenzerini and Moshe Y. Vardi},

  title =    {What is View-Based Query Rewriting?},

  booktitle =    {KRDB},

  year =     2000

}





@Article{lenzerini02,

  author =       {Diego Calvanese and Giuseppe De Giacomo and

                  Maurizio Lenzerini and Moshe Y. Vardi},

  title =        {Rewriting of Regular Expressions and Regular Path Queries},

  journal =      "JCSS",

  volume =       64,

  number =       3,

  pages =        {443-465},

  year  =        2002

}

@Article{even-path,

  author =      {A LaPaugh and Christos  Papadimitriou},

 title =       {The even-path problem for graphs and digraphs},

 journal =     "Networks",

  volume =       14,

  pages = {507-513},

  year = 1984

}


@article{embedding,
 author =       {Wenfei Fan and Philip Bohannon},
  title =        {Information Preserving {XML} Schema Embedding},
  journal =      {TODS},
  volume  =      33,
  number  =      1,
  year =         2008
}

@inproceedings{gfsss:vldb01,

author = {Galhardas, H. and Florescu, D. and Shasha, D. and Simon, E. and Saita, C.},

title = {{``Declarative Data Cleaning: Language, Model and Algorithms''}},

booktitle = "VLDB",

year = 2001,

mynotes = {

}}



@inproceedings{peer05,

  author =   {Ariel Fuxman and Phokion Kolaitis and R Miller

                  and WangChiew Tan},

  title =    {Peer Data Exchange},

  booktitle =    {PODS},

  year =     2005

}



@inproceedings{vassilis05,

  author =   {Vassilis Athitsos and Marios Hadjieleftheriou

              and George Kollios and Stan Sclaroff},

  title =    {Query-Sensitive Embeddings},

  booktitle =    {SIGMOD},

  year =     2005

}



@inproceedings{juliana05,

  author =   {Denilson Barbosa and Juliana Freire and

                 Alberto Mendelzon},

  title =    {Designing Information-preserving Mapping Schemes for {XML}},

  booktitle =    {VLDB},

  year =     2005

}



@inproceedings{Hyperion,

  author =   {Anastasios Kementsietsidis and Marcelo Arenas

                 and R Miller},

  title =    {Mapping Data in

         Peer-to-Peer Systems: Semantics and Algorithmic Issues},

  booktitle =    {SIGMOD},

  year =     2003

}



@Article{piazza,

  author =       {Igor {Tatarinov et al}},

  title =        {The {Piazza} peer data management project},

  journal =      {SIGMOD Record},

  volume  =      32,

  number  =      3,

  year =         2003

}


@inproceedings{Joshi03,
 author = {Sachindra {Joshi et al}},
 title = {A bag of paths model for measuring structural similarity in
{Web} documents},
 booktitle = {KDD},
 year = {2003}
}

@inproceedings{Neardup07,
 author = {Gurmeet Singh Manku and Arvind Jain and Anish Das Sarma},
 title = {Detecting near-duplicates for {Web} crawling},
 booktitle = {WWW},
 year = {2007}
}

@inproceedings{AGU03ext,
 author = {Arvind Arasu and Hector Garcia-Molina and Stanford University},
 title = {Extracting structured data from {Web} pages},
 booktitle = {SIGMOD},
 year = {2003}
}

@article{DH99,
 author = {Jeffrey Dean and Monika R. Henzinger},
 title = {Finding related pages in the {World Wide Web}},
 journal = {Comput. Netw.},
 volume = {31},
 number = {11-16},
 year = {1999}
}

@INPROCEEDINGS{Melnik02,
    author = {Sergey Melnik and Hector Garcia-molina and Erhard Rahm},
    title = {Similarity flooding: A versatile graph matching algorithm},
    booktitle = {ICDE},
    year = {2002}
}

@INPROCEEDINGS{Dehmer_applicationof,

    author = {Matthias Dehmer and Frank Emmert Streib and Er Mehler and J??rgen Kilian and Max M??hlh??user},

    title = {Application of a similarity measure for graphs to
  {Web}-based document structures},

    booktitle = {International Conference on Data Analysis ICA},

    year = {2005}
}

@article{repliweb,
 author = {Junghoo Cho and Narayanan Shivakumar and Hector Garcia-Molina},
 title = {Finding replicated {Web} collections},
 journal = {SIGMOD Rec.},
 volume = {29},
 number = {2},
 year = {2000}
}

@article{syntacweb,
 author = {Andrei Z. Broder and Steven C. Glassman and Mark S. Manasse and Geoffrey Zweig},
 title = {Syntactic clustering of the {Web}},
 journal = {Comput. Netw. ISDN Syst.},
 volume = {29},
 number = {8-13},
 year = {1997}
}

@article{Authos99,
 author = {Jon M. Kleinberg},
 title = {Authoritative sources in a hyperlinked environment},
 journal = {J. ACM},
 volume = {46},
 number = {5},
 year = {1999}
}

@inproceedings{tra99,
 author = {Ravi Kumar and Prabhakar Raghavan and Sridhar Rajagopalan and Andrew Tomkins},
 title = {Trawling the {Web} for emerging cyber-communities},
 booktitle = {WWW},
 year = {1999}
}

@inproceedings{PP97,
 author = {James Pitkow and Peter Pirolli},
 title = {Life, death, and lawfulness on the electronic frontier},
 booktitle = {CHI},
 year = {1997}
}


@misc{BP99,
author    = {Sergey Brin and Lawrence Page},
title     = {Google Search Engine},
doi = {http://doi.acm.org/10.1145/258549.258805},
year = {2000}
}

@INPROCEEDINGS{Perkowitz98,
    author = {Mike Perkowitz and Oren Etzioni},
    title = {Adaptive {Web} sites: Automatically synthesizing {Web} pages},
    booktitle = {Proc.~of Nat'l Conf.~on Artificial Intelligence},
    year = {1998}
}

@inproceedings{Nara96,
 author = {Narayanan Shivakumar and Hector Garcia-Molina},
 title = {Building a scalable and accurate copy detection mechanism},
 booktitle = {DL},
 year = {1996}
}

@Misc{SimilarChecker,
  author =   {Webconfs},
  title =    {Similar page checker},
  note = {www.webconfs.com/similar-page-checker.php}
}

@Misc{SimPack,
  title =    {SimPack Project Page},
  note = {http://www.ifi.uzh.ch/ddis/simpack.html}
}

@Misc{cdk,
  title =    {Chemistry Development Kit (CDK)},
  note = {http://sourceforge.net/projects/cdk/}
}

@Misc{webBase,
  title =   {Stanford WebBase},
  note = {\\ {http://diglib.stanford.edu:8091/testbed/doc2/WebBase}}
}
@TECHREPORT{Berkhin02surveyof,
    author = {Pavel Berkhin},
    title = {Survey of clustering data mining techniques},
    institution = {},
    year = {2002}
}

@article{overlap01,
 author = {Kriszti\'{a}n Monostori and Arkady Zaslavsky and Heinz Schmidt},
 title = {Efficiency of data structures for detecting overlaps in digital documents},
 journal = {Aust. Comput. Sci. Commun.},
 volume = {23},
 number = {1},
 year = {2001}
}

@inproceedings{infsimu95,
 author = {M. R. Henzinger and T. A. Henzinger and P. W. Kopke},
 title = {Computing simulations on finite and infinite graphs},
 booktitle = {FOCS},
 year = {1995}
}

@article{Bharat99,
 author = {Krishna Bharat and Andrei Broder},
 title = {Mirror, mirror on the {Web}: a study of host pairs with replicated content},
 journal = {Comput. Netw.},
 volume = {31},
 number = {11-16},
 year = {1999}
}

@article{mirrorcmp00,
 author = {Krishna {Bharat et al}},
 title = {A comparison of techniques to find mirrored hosts on the {WWW}},
 journal = {J. Am. Soc. Inf. Sci.},
 volume = {51},
 number = {12},
 year = {2000}
}

@inproceedings{Conrad04,
 author = {Jack G. Conrad and Cindy P. Schriber},
 title = {Constructing a text corpus for inexact duplicate detection},
 booktitle = {SIGIR},
 year = {2004}
}

@inproceedings{Graphidx07,
 author = {Peixiang Zhao and Jeffrey Xu Yu and Philip S. Yu},
 title = {Graph indexing: tree + delta \<= graph},
 booktitle = {VLDB},
 year = {2007}

}

@inproceedings{Graphcontain07,
 author = {Chen Chen and Xifeng Yan and Philip S. Yu and Jiawei Han and Dong-Qing Zhang and Xiaohui Gu},
 title = {Towards graph containment search and indexing},
 booktitle = {VLDB},
 year = {2007}
}

@article{Yan06,
 author = {Xifeng Yan and Feida Zhu and Philip S. Yu and Jiawei Han},
 title = {Feature-based similarity search in graph structures},
 journal = {TODS},
 volume = {31},
 number = {4},
 year = {2006}
}

@ARTICLE{DRDSurvery,
  author = {Ahmed K. Elmagarmid and Panagiotis G. Ipeirotis and Vassilios S. Verykios},
  title = {Duplicate Record Detection: A Survey},
  journal = {TKDE},
  year = {2007},
  volume = {19},
  number = {1}
}


@book{dq,
author    = "C.~Batini and M.~Scannapieco",
title     = {Data Quality: Concepts, Methodologies and Techniques},
publisher = "Springer",
year      = "2006"
}

@inproceedings{icdt99,
 author = {Tova Milo and Dan Suciu},
 title = {Index Structures for Path Expressions},
 booktitle = {ICDT},
 year = {1999}
}



@inproceedings{Ramanan03,
  author    = {Prakash Ramanan},
  title     = {Covering Indexes for XML Queries: Bisimulation - Simulation
               = Negation},
  booktitle = {VLDB},
  year      = {2003}
}

@ARTICLE{Gentilini03,
    author = {R. Gentilini and C. Piazza and A. Policriti},
    title = {From bisimulation to simulation: Coarsest partition problems},
    journal = {J. Automated Reasoning},
    year = {2003}
}

@inproceedings{AC05,
 author = {Manu Aery and Sharma Chakravarthy},
 title = {{eMailSift}: Email Classification Based on Structure and Content},
 booktitle = {ICDM},
 year = {2005}
 }

@INPROCEEDINGS{Liu06gplag,
    author = {Chao Liu and Chen Chen and Jiawei Han and Philip S. Yu},
    title = {GPLAG: Detection of Software Plagiarism by Program Dependence Graph Analysis},
    booktitle = {SIGKDD},
    year = {2006}
}

@INPROCEEDINGS{PJ04,
     AUTHOR={Pavol Hell and Jaroslav Nesetril},
     TITLE={Graphs and Homomorphisms},
     publisher = {Oxford University Press},
     YEAR={2004}
 }

@article{Hall00,
  author    = {Magn{\'u}s M. Halld{\'o}rsson},
  title     = {Approximations of Weighted Independent Set and Hereditary
               Subset Problems},
  journal   = {J. Graph Algorithms Appl.},
  volume    = {4},
  number    = {1},
  year      = {2000}
}

@ARTICLE{Bunke00,
    author = {Horst Bunke},
    title = {Graph Matching: Theoretical Foundations, Algorithms, and Applications},
    journal = {Vision Interface},
    year = {2000},
    volume = {3}
}

@INPROCEEDINGS{Langberg06,
    author = {Michael Langberg and Yuval Rabani and Chaitanya Swamy},
    title = {Approximation algorithms for graph homomorphism problems},
    booktitle = {APPROX},
    year = {2006}
}

@ARTICLE{Pavol00,
    author = {Pavol Hell},
    title = {Algorithmic aspects of graph homomorphisms},
    journal = {London Math. Society
    Lecture Note Series 307},
    publisher = {Cambridge University Press},
    year = {2003}
}

@inproceedings{Viggo92,
 author = {Viggo Kann},
 title = {On the Approximability of the Maximum Common Subgraph Problem},
 booktitle = {STACS},
 year = {1992}
 }

@inproceedings{Conte03,
  author    = {Donatello Conte and
               C. Guidobaldi and
               Carlo Sansone},
  title     = {A Comparison of Three Maximum Common Subgraph Algorithms
               on a Large Database of Labeled Graphs},
  booktitle = {GbRPR},
  year      = {2003}
}


@inproceedings{Papa08,
  author    = {Panagiotis Papadimitriou 0002 and
               Ali Dasdan and
               Hector Garcia-Molina},
  title     = {{Web} graph similarity for anomaly detection (poster)},
  booktitle = {WWW},
  year      = {2008}
}

@inproceedings{Li05,
 author = {Li Chen and Amarnath Gupta and M. Erdem Kurul},
 title = {Stack-based algorithms for pattern matching on DAGs},
 booktitle = {VLDB},
 year = {2005}
 }

@inproceedings{TianP08,
  author    = {Yuanyuan Tian and
               Jignesh M. Patel},
  title     = {TALE: A Tool for Approximate Large Graph Matching},
  booktitle = {ICDE},
  year      = {2008}
}

@inproceedings{Ziv02,
 author = {Ziv Bar-Yossef and Sridhar Rajagopalan},
 title = {Template detection via data mining and its applications},
 booktitle = {WWW},
 year = {2002},
 publisher = {ACM}
 }

@article{Nuutila94,
  author    = {Esko Nuutila},
  title     = {An Efficient Transitive Closure Algorithm for Cyclic Digraphs},
  journal   = {Inf. Process. Lett.},
  volume    = {52},
  number    = {4},
  year      = {1994}
}

@article{classificaiton,
  author    = {Adam Schenker and Mark Last and Horst Bunke and Abraham Kandel},
  title     = {Classification Of {Web} Documents Using Graph Matching},
  journal   = {IJPRAI},
  volume    = {18},
  number    = {3},
  year      = {2004}
}

@inproceedings{iso1,
 author = {Xifeng Yan and Philip S. Yu and Jiawei Han},
 title = {Substructure Similarity Search in Graph Databases},
 booktitle = {SIGMOD},
 year = {2005}
 }

@article{Bunke97,
  author    = {Horst Bunke},
  title     = {On a relation between graph edit distance and maximum common
               subgraph},
  journal   = {Pattern Recognition Letters},
  volume    = {18},
  number    = {8},
  year      = {1997}
}

@article{ConteFSV04,
  author    = {Donatello Conte and Pasquale Foggia and Carlo Sansone and
           Mario Vento},
  title     = {Thirty Years Of Graph Matching In Pattern Recognition},
  journal   = {IJPRAI},
  volume    = {18},
  number    = {3},
  year      = {2004}
}

@inproceedings{KRRT99,
  author    = {Jon M. Kleinberg and
               Ravi Kumar and
               Prabhakar Raghavan and
               Sridhar Rajagopalan and
               Andrew Tomkins},
  title     = {The {Web} as a Graph: Measurements, Models, and Methods},
  booktitle = {COCOON},
  year      = {1999}
}

@inproceedings{HuangL06,
  author    = {Xiuzhen Huang and
               Jing Lai},
  title     = {Maximum Common Subgraph: Upper Bound and Lower Bound Results},
  booktitle = {IMSCCS (1)},
  year      = {2006},
  pages     = {40-47}
}

@article{ESonbatyI98,
  author    = {Yasser El-Sonbaty and
               M. A. Ismail},
  title     = {A new algorithm for subgraph optimal isomorphism},
  journal   = {Pattern Recognition},
  volume    = {31},
  number    = {2},
  year      = {1998}
}

@inproceedings{BrancaSD99,
  author    = {Antonella Branca and
               Ettore Stella and
               Arcangelo Distante},
  title     = {Feature Matching by Searching Maximum Clique on High Order
               Association Graph},
  booktitle = {ICIAP},
  year      = {1999}
}

@article{RaymondGW02,
  author    = {John W. Raymond and
               Eleanor J. Gardiner and
               Peter Willett},
  title     = {RASCAL: Calculation of Graph Similarity using Maximum Common
               Edge Subgraphs},
  journal   = {Comput. J.},
  volume    = {45},
  number    = {6},
  year      = {2002}
}

@article{MessmerB98,
  author    = {Bruno T. Messmer and
               Horst Bunke},
  title     = {A New Algorithm for Error-Tolerant Subgraph Isomorphism
               Detection},
  journal   = {IEEE Trans. Pattern Anal. Mach. Intell.},
  volume    = {20},
  number    = {5},
  year      = {1998}
}

@inproceedings{ZasBV08,
  author    = {Mikhail Zaslavskiy and
               Francis Bach and
               Jean-Philippe Vert},
  title     = {A Path Following Algorithm for Graph Matching},
  booktitle = {ICISP},
  year      = {2008}
}

@article{Hagadone92,
  author    = {Thomas R. Hagadone},
  title     = {Molecular substructure similarity searching: efficient retrieval
               in two-dimensional structure databases},
  journal   = {J. Chem. Inf. Comput. Sci.},
  volume    = {32},
  number    = {5},
  year      = {1992}
}

@inproceedings{BKS02,
 author = {Nicolas Bruno and Nick Koudas and Divesh Srivastava},
 title = {Holistic twig joins: optimal {XML} pattern matching},
 booktitle = {SIGMOD},
 year = {2002}
}

@inproceedings{Shasha02,
 author = {Dennis Shasha and Jason T. L. Wang and Rosalba Giugno},
 title = {Algorithmics and applications of tree and graph searching},
 booktitle = {PODS},
 year = {2002}
 }

 @inproceedings{KakoOHH05,
  author    = {Akihisa Kako and
               Takao Ono and
               Tomio Hirata and
               Magn{\'u}s M. Halld{\'o}rsson},
  title     = {Approximation Algorithms for the Weighted Independent Set
               Problem},
  booktitle = {WG},
  year      = {2005}
  }

@Book{approx03,
  author =   {Vijay V. Vazirani},
  title =    {Approximation Algorithms},
  publisher =    "Springer",
  year = 2003
}

@article{BoppanaH92,
  author    = {Ravi B. Boppana and
               Magn{\'u}s M. Halld{\'o}rsson},
  title     = {Approximating Maximum Independent Sets by Excluding Subgraphs},
  journal   = {BIT},
  volume    = {32},
  number    = {2},
  year      = {1992}
}


@Book{Mehlhorn84,
  author =   {Kurt Mehlhorn},
  title =    {Data Structures and Algorithms. Vol. 1-3},
  publisher =    "Springer",
  year = 1984
}

@book{CormenLRS01,
  author    = {Thomas H. Cormen and
               Charles E. Leiserson and
               Ronald L. Rivest and
               Clifford Stein},
  title     = {Introduction to Algorithms},
  publisher = {The MIT Press},
  year      = {2001},
}
@inproceedings{Anthony,
  author    = {Z. Zeng and A. K.H. Tung and J. Wang and J. Feng and L. Zhou},
  title     = {Edit distance evaluation on graph structures},
  booktitle = {VLDB},
  year      = {2009}
  }

@article{Blon04,
 author = {Blondel, Vincent D. and Gajardo, Anah\'{\i} and Heymans, Maureen and Senellart, Pierre and Dooren, Paul Van},
 title = {A Measure of Similarity between Graph Vertices: Applications to Synonym Extraction and Web Searching},
 journal = {SIAM Rev.},
 volume = {46},
 number = {4},
 year = {2004},
 publisher = {Society for Industrial and Applied Mathematics},
 }

@techreport{ilprints836,
          author = {Panagiotis Papadimitriou and Ali Dasdan and Hector Garcia-Molina},
           title = {Web Graph Similarity for Anomaly Detection},
            type = {Technical Report},
       publisher = {Stanford},
            year = {2008},
             url = {http://ilpubs.stanford.edu:8090/836/}
}

@article{Lesk07,
 author = {Leskovec, Jure and Kleinberg, Jon and Faloutsos, Christos},
 title = {Graph evolution: Densification and shrinking diameters},
 journal = {TKDD},
 volume = {1},
 number = {1},
 year = {2007},
 pages = {2},
 publisher = {ACM}
 }

@inproceedings{ChengYDYW08,
  author    = {Jiefeng Cheng and
               Jeffrey Xu Yu and
               Bolin Ding and
               Philip S. Yu and
               Haixun Wang},
  title     = {Fast Graph Pattern Matching},
  booktitle = {ICDE},
  year      = {2008}
}

@article{SanzMGB08,
  author    = {Ismael Sanz and
               Marco Mesiti and
               Giovanna Guerrini and
               Rafael Berlanga Llavori},
  title     = {Fragment-based approximate retrieval in highly heterogeneous
               {XML} collections},
  journal   = {Data Knowl. Eng.},
  volume    = {64},
  number    = {1},
  year      = {2008},
  pages     = {266-293}
}

@inproceedings{social,
  author    = {Kemafor Anyanwu and Amit P. Sheth},
  title     = {$\rho$-Queries: enabling querying for
     semantic associations on the semantic web},
  booktitle = {WWW},
  year      = {2003}
}
@INPROCEEDINGS{b-matching,
    AUTHOR = {Lei Zou and Lei Chen and M. Tamer \"{O}zsu},
    TITLE = {Distance-Join: Pattern Match Query In a Large Graph Database},
    BOOKTITLE = "VLDB",
    YEAR = {2009}   }






bibs for vldb11

graph compression based on encoding, labeling -- focus on data compressing;

@inproceedings{KLMPR09,
  author    = {Flavio Chierichetti and
               Ravi Kumar and
               Silvio Lattanzi and
               Michael Mitzenmacher and
               Alessandro Panconesi and
               Prabhakar Raghavan},
  title     = {On compressing social networks},
  booktitle = {KDD},
  year      = {2009}
}

@inproceedings{BoldiV04,
  author    = {Paolo Boldi and
               Sebastiano Vigna},
  title     = {The webgraph framework I: compression techniques},
  booktitle = {WWW},
  year      = {2004}
}

@inproceedings{HeWYY05,
  author    = {Hao He and
               Haixun Wang and
               Jun Yang and
               Philip S. Yu},
  title     = {Compact reachability labeling for graph-structured data},
  booktitle = {CIKM},
  year      = {2005}
}


@inproceedings{KarandeCA09,
  author    = {Chinmay Karande and
               Kumar Chellapilla and
               Reid Andersen},
  title     = {Speeding up algorithms on compressed web graphs},
  booktitle = {WSDM},
  year      = {2009}
}


@inproceedings{MaserratP10,
  author    = {Hossein Maserrat and
               Jian Pei},
  title     = {Neighbor query friendly compression of social networks},
  booktitle = {KDD},
  year      = {2010}
}

graph indexing -- not concerning graph compression; simulation-based A,D-index

@inproceedings{QunLO03,
  author    = {Chen Qun and
               Andrew Lim and
               Kian Win Ong},
  title     = {D(k)-Index: An Adaptive Structural Summary for Graph-Structured
               Data},
  booktitle = {SIGMOD},
  year      = {2003}
}

@article{CohenHKZ03,
  author    = {Edith Cohen and
               Eran Halperin and
               Haim Kaplan and
               Uri Zwick},
  title     = {Reachability and Distance Queries via 2-Hop Labels},
  journal   = {SICOMP},
  volume    = {32},
  number    = {5},
  year      = {2003}
}


@inproceedings{GubichevBSW10,
  author    = {Andrey Gubichev and
               Srikanta J. Bedathur and
               Stephan Seufert and
               Gerhard Weikum},
  title     = {Fast and accurate estimation of shortest paths in large
               graphs},
  booktitle = {CIKM},
  year      = {2010}
}


@inproceedings{BunemanCFHMV05,
  author    = {Peter Buneman and
               Byron Choi and
               Wenfei Fan and
               Robert Hutchison and
               Robert Mann and
               Stratis Viglas},
  title     = {Vectorizing and Querying Large {XML} Repositories},
  booktitle = {ICDE},
  year      = {2005}
}


@article{YildirimCZ10,
  author    = {Hilmi Yildirim and
               Vineet Chaoji and
               Mohammed Javeed Zaki},
  title     = {GRAIL: Scalable Reachability Index for Large Graphs},
  journal   = {PVLDB},
  volume    = {3},
  number    = {1},
  year      = {2010}
}


@inproceedings{JinXRF09,
  author    = {Ruoming Jin and
               Yang Xiang and
               Ning Ruan and
               David Fuhry},
  title     = {3-HOP: A high-compression indexing scheme for reachability
               query},
  booktitle = {SIGMOD},
  year      = {2009}
}


@inproceedings{JinHWRX10,
  author    = {Ruoming Jin and
               Hui Hong and
               Haixun Wang and
               Ning Ruan and
               Yang Xiang},
  title     = {Computing label-constraint reachability in graph databases},
  booktitle = {SIGMOD Conference},
  year      = {2010},
  pages     = {123-134}
}


graph representation
@inproceedings{RaghavanG03,
  author    = {Sriram Raghavan and
               Hector Garcia-Molina},
  title     = {Representing {Web} Graphs},
  booktitle = {ICDE},
  year      = {2003}
}

graph reduction and minimization -- require subgraph, or does not preserve property

@article{AhoGU72,
  author    = {Alfred V. Aho and
               M. R. Garey and
               Jeffrey D. Ullman},
  title     = {The Transitive Reduction of a Directed Graph},
  journal   = {SICOMP},
  volume    = {1},
  number    = {2},
  year      = {1972}
}

@article{Jagadish90,
  author    = {H. V. Jagadish},
  title     = {A Compression Technique to Materialize Transitive Closure},
  journal   = {ACM Trans. Database Syst.},
  volume    = {15},
  number    = {4},
  year      = {1990}
}

@article{FederM95,
  author    = {Tom{\'a}s Feder and
               Rajeev Motwani},
  title     = {Clique Partitions, Graph Compression and Speeding-Up Algorithms},
  journal   = {JCSS},
  volume    = {51},
  number    = {2},
  year      = {1995},
  pages     = {261-272}
}

bipartite graph related

@article{FleischnerMPS09,
  author    = {Herbert Fleischner and
               Egbert Mujuni and
               Dani{\"e}l Paulusma and
               Stefan Szeider},
  title     = {Covering graphs with few complete bipartite subgraphs},
  journal   = {Theor. Comput. Sci.},
  volume    = {410},
  number    = {21-23},
  year      = {2009},
  pages     = {2045-2053}
}

regular queries

@article{MendelzonW95,
  author    = {Alberto O. Mendelzon and
               Peter T. Wood},
  title     = {Finding Regular Simple Paths in Graph Databases},
  journal   = {SICOMP},
  volume    = {24},
  number    = {6},
  year      = {1995},
  pages     = {1235-1258}
}

emperical study -- evidence on bipartite graph, recommendation network, IMDB, etc.

@inproceedings{LeskovecSK06,
  author    = {Jure Leskovec and
               Ajit Singh and
               Jon M. Kleinberg},
  title     = {Patterns of Influence in a Recommendation Network},
  booktitle = {PAKDD},
  year      = {2006}
}

@inproceedings{LeskovecKF05,
  author    = {Jure Leskovec and
               Jon M. Kleinberg and
               Christos Faloutsos},
  title     = {Graphs over time: densification laws, shrinking diameters
               and possible explanations},
  booktitle = {KDD},
  year      = {2005}
}

@inproceedings{BackstromHKL06,
  author    = {Lars Backstrom and
               Daniel P. Huttenlocher and
               Jon M. Kleinberg and
               Xiangyang Lan},
  title     = {Group formation in large social networks: membership, growth,
               and evolution},
  booktitle = {KDD},
  year      = {2006},
  pages     = {44-54}
}


@article{Shi07,
    author = {Shi, X. and Adamic, L. and Strauss, M.},
    number = {1},
    pages = {33--47},
    title = {{Networks of strong ties}},
    volume = {378},
    year = {2007}
}


@article{PeruginiGF04,
  author    = {Saverio Perugini and
               Marcos Andr{\'e} Gon\c{c}alves and
               Edward A. Fox},
  title     = {Recommender Systems Research: A Connection-Centric Survey},
  journal   = {J. Intell. Inf. Syst.},
  volume    = {23},
  number    = {2},
  year      = {2004},
  pages     = {107-143}
}



@article{chvatal79,
    author = {Chvatal, V.},
    journal = {Mathematics of Operations Research},
    number = {3},
    title = {A Greedy Heuristic for the Set-Covering Problem},
    volume = {4},
    year = {1979}
}

all others

@book{Gutin08,
 author = {Bang-Jensen, Jrgen and Gutin, Gregory Z.},
 title = {Digraphs: Theory, Algorithms and Applications},
 year = {2008},
 publisher = {Springer}
}


@inproceedings{Tang08,
 author = {Tang, Jie and Zhang, Jing and Yao, Limin and Li, Juanzi and Zhang, Li and Su, Zhong},
 title = {ArnetMiner: extraction and mining of academic social networks},
 booktitle = {KDD},
 year = {2008}
 }

@inproceedings{Garg09,
 author = {Garg, Sanchit and Gupta, Trinabh and Carlsson, Niklas and Mahanti, Anirban},
 title = {Evolution of an online social aggregation network: an empirical study},
 booktitle = {IMC},
 year = {2009}
}

@inproceedings{WolfS06,
  author    = {Tanya Y. Berger-Wolf and
               Jared Saia},
  title     = {A framework for analysis of dynamic social networks},
  booktitle = {KDD},
  year      = {2006},
  pages     = {523-528}
}

@inproceedings{KumarNT06,
  author    = {Ravi Kumar and
               Jasmine Novak and
               Andrew Tomkins},
  title     = {Structure and evolution of online social networks},
  booktitle = {KDD},
  year      = {2006}
}

@inproceedings{ChenSZY09,
  author    = {Zaiben Chen and
               Heng Tao Shen and
               Xiaofang Zhou and
               Jeffrey Xu Yu},
  title     = {Monitoring path nearest neighbor in road networks},
  booktitle = {SIGMOD},
  year      = {2009},
  pages     = {591-602}}


@inproceedings{NussbaumET10,
  author    = {Ronald Nussbaum and
               Abdol-Hossein Esfahanian and
               Pang-Ning Tan},
  title     = {Clustering Social Networks Using Distance-Preserving Subgraphs},
  booktitle = {ASONAM},
  year      = {2010},
  pages     = {380-385}}

@inproceedings{RSchenkel,
  author    = {Ralf Schenkel and
               Anja Theobald and
               Gerhard Weikum},
  title     = {Efficient Creation and Incremental Maintenance of the HOPI
               Index for Complex XML Document Collections},
  booktitle = {ICDE},
  year      = {2005},
  pages     = {360-371}
}



@article{Fasli06,
  author    = {Maria Fasli},
  title     = {Shopbots: A Syntactic Present, A Semantic Future},
  journal   = {IEEE Internet Computing},
  volume    = {10},
  number    = {6},
  year      = {2006}}


@article{All06,
    author = {Allesina, Stefano and Bodini, Antonio and Bondavalli, Cristina},
    journal = {Oikos},
    number = {1},
    pages = {164--176},
    title = {{Ecological subsystems via graph theory: the role of strongly connected components}},
    volume = {110},
    year = {2005}
}


@article{sud10,
  author    = {Sudheendra Hangal and Diana MacLean and Monica S.Lam and Jeffrey Heer},
  title     = {All friends are not equal: using weightes in social graphs to improve search},
  journal   = {SNA-KDD Workshop},
  year      = {2010}
}






@inbook{Hochbaum96,
 author = {Hochbaum, Dorit S.},
 title = {Approximation algorithms for NP-hard problems},
 year = {1997},
 publisher = {PWS Publishing Co.}
}


@inbook{Jungnickel,
 author = {Jungnickel, Dieter},
 title = {Graphs, Networks and Algorithms},
 year = {2007},
 publisher = {Springer}
}

@inproceedings{RandallSWW02,
  author    = {Keith H. Randall and
               Raymie Stata and
               Janet L. Wiener and
               Rajiv Wickremesinghe},
  title     = {The Link Database: Fast Access to Graphs of the Web},
  booktitle = {DCC},
  year      = {2002}
}


@inproceedings{BoldiRSV11,
  author    = {Paolo Boldi and
               Marco Rosa and
               Massimo Santini and
               Sebastiano Vigna},
  title     = {Layered label propagation: A multiresolution coordinate-free
               ordering for compressing social networks},
  booktitle = {WWW},
  year      = {2011}
}


@article{Reps96,
 author = {Ramalingam, G. and Reps, Thomas},
 title = {On the computational complexity of dynamic graph problems},
 journal = {TCS},
 volume = {158},
 number = {1-2},
 year = {1996}
 }

@Misc{facebook,
 author =        {},
  title =        {Facebook Statistics},
  howpublished = {\\ {\sl http://www.facebook.com/press/info.php?statistics}}
}

@inproceedings{Jacobson89,
  author    = {Guy Jacobson},
  title     = {Space-efficient Static Trees and Graphs},
  booktitle = {FOCS},
  year      = {1989}
}


@inproceedings{BollobasCE03,
  author    = {B{\'e}la Bollob{\'a}s and
               Don Coppersmith and
               Michael Elkin},
  title     = {Sparse distance preservers and additive spanners},
  booktitle = {SODA},
  year      = {2003}
}


@inbook{Jef10,
 author = {Jeffrey Xu Yu and Jiefeng Cheng},
 title = {Graph Reachability Queries: A Survey},
 booktitle = {Managing and Mining Graph Data},
 year = {2010}
}


@article{Aggarwal09,
 author = {Aggarwal, Charu and Xie, Yan and Yu, Philip S.},
 title = {GConnect: a connectivity index for massive disk-resident graphs},
 journal = {VLDB},
 volume = {2},
 issue = {1},
 year = {2009}
}


@inproceedings{Zwick01,
  author    = {Uri Zwick},
  title     = {Exact and Approximate Distances in Graphs - A Survey},
  booktitle = {ESA},
  year      = {2001}
}


@inproceedings{BuehrerC08,
  author    = {Gregory Buehrer and
               Kumar Chellapilla},
  title     = {A scalable pattern mining approach to {Web} graph compression
               with communities},
  booktitle = {WSDM},
  year      = {2008}
}


@inproceedings{Mislove07,
  author    = {Alan Mislove and
               Massimiliano Marcon and
               P. Krishna Gummadi and
               Peter Druschel and
               Bobby Bhattacharjee},
  title     = {Measurement and analysis of online social networks},
  booktitle = {Internet Measurement Comference},
  year      = {2007}
}

@article{MoylesT69,
  author    = {Dennis M. Moyles and
               Gerald L. Thompson},
  title     = {An Algorithm for Finding a Minimum Equivalent Graph of a
               Digraph},
  journal   = {J. ACM},
  volume    = {16},
  number    = {3},
  year      = {1969}
}

@MISC{Brandes07,
    author = {Ulrik Brandes and JÃŒrgen Lerner},
    title = {Role-equivalent Actors in Networks -- Group Structures Beyond Dense Communities},
    year = {2007}
}

@inproceedings{MiloS99,
  author    = {Tova Milo and
               Dan Suciu},
  title     = {Index Structures for Path Expressions},
  booktitle = {ICDT},
  year      = {1999}
}

@article{FanLMTWW10,
  author    = {Wenfei Fan and
               Jianzhong Li and
               Shuai Ma and
               Nan Tang and
               Yinghui Wu and
               Yunpeng Wu},
  title     = {Graph Pattern Matching: From Intractable to Polynomial Time},
  journal   = {PVLDB},
  volume    = {3},
  number    = {1},
  year      = {2010}
}

@article{AmerYahiaBB07,
  author    = {Sihem Amer-Yahia and
               Michael Benedikt and
               Philip Bohannon},
  title     = {Challenges in Searching Online Communities},
  journal   = {IEEE Data Eng. Bull.},
  volume    = {30},
  number    = {2},
  year      = {2007},
  pages     = {23-31}
}

a very good case study for Enron scandal analysis. Try simulation relation on this case.
@inproceedings{DiehlMP09,
  author    = {Christopher P. Diehl and
               Jaime Montemayor and
               Michael Pekala},
  title     = {Social Relationship Identification: An Example of Social
               Query},
  booktitle = {CSE (4)},
  year      = {2009}
}

@inproceedings{PalauMLR04,
  author    = {Jordi Palau and
               Miquel Montaner and
               Beatriz L{\'o}pez and
               Josep Llu\'{\i}s de la Rosa},
  title     = {Collaboration Analysis in Recommender Systems Using Social
               Networks},
  booktitle = {CIA},
  year      = {2004}
}

@inproceedings{viswanath,
  author    = {Bimal Viswanath and
	       Alan Mislove and
	       Meeyoung Cha and
	       Krishna P. Gummadi},
  title     = {On the Evolution of User Interaction in Facebook},
  booktitle = {SIGCOMM Workshop on Social Networks (WOSN)},
  year 	    = {2009}
}

@inproceedings{DovierPP01,
  author    = {Agostino Dovier and
               Carla Piazza and
               Alberto Policriti},
  title     = {A Fast Bisimulation Algorithm},
  booktitle = {CAV},
  year      = {2001}
}

@inproceedings{Saha07,
  author    = {Diptikalyan Saha},
  title     = {An Incremental Bisimulation Algorithm},
  booktitle = {FSTTCS},
  year      = {2007}
}

@inproceedings{Deng2011,
 author = {Deng, Jintian and Choi, Byron and Xu, Jianliang and Bhowmick, Sourav S.},
 title = {Optimizing incremental maintenance of minimal bisimulation of cyclic graphs},
 booktitle = {DASFAA},
 year = {2011}
}


@inproceedings{KochBG03,
  author    = {Peter Buneman and
               Martin Grohe and
               Christoph Koch},
  title     = {Path Queries on Compressed XML},
  booktitle = {VLDB},
  year      = {2003},
  pages     = {141-152}
}

@article{PaigeT87,
  author    = {Robert Paige and
               Robert Endre Tarjan},
  title     = {Three Partition Refinement Algorithms},
  journal   = {SICOMP},
  volume    = {16},
  number    = {6},
  year      = {1987}
}

@Misc{stanford,

 author =        {},

  title =        {Stanford Large Network Dataset Collection},

  howpublished = {\\ {\sl http://snap.\ stanford.edu/\ data/\ index.html}}

}

@Misc{caida,

 author =        {},

  title =        {CAIDA Data},

  howpublished = {{\sl http://www.caida.org/data/overview/}}

}

@Misc{Youtube,

 author =        {},

  title =        {Youtube Dataset},

  howpublished = {{\sl http://netsg.cs.sfu.ca/youtubedata/}}

}

@Misc{california,

 author =        {},

  title =        {California Dataset},

  howpublished = {\\ {\sl http://www.cs.\ cornell.edu/\ courses/cs685\ /2002fa/}}

}


@inproceedings{KaushikSBG02,
  author    = {Raghav Kaushik and
               Pradeep Shenoy and
               Philip Bohannon and
               Ehud Gudes},
  title     = {Exploiting Local Similarity for Indexing Paths in Graph-Structured
               Data},
  booktitle = {ICDE},
  year      = {2002},
  pages     = {129-140}
}


@inproceedings{Junghoo04,
 author = {Ntoulas, Alexandros and Cho, Junghoo and Olston, Christopher},
 title = {What's new on the {Web}? {The} evolution of the {Web} from a search engine perspective},
 booktitle = {WWW},
 year = {2004}
 }























=================================================
keyword structure summarization

- keyword query interpretation

@inproceedings{FuA11,
  author    = {Haizhou Fu and
               Kemafor Anyanwu},
  title     = {Effectively Interpreting Keyword Queries on RDF Databases
               with a Rear View},
  booktitle = {ISWC},
  year      = {2011}
}

@inproceedings{TranCRS07,
  author    = {Thanh Tran and
               Philipp Cimiano and
               Sebastian Rudolph and
               Rudi Studer},
  title     = {Ontology-Based Interpretation of Keywords for Semantic Search},
  booktitle = {ISWC/ASWC},
  year      = {2007}
}

@article{ZenzZMSN09,
  author    = {Gideon Zenz and
               Xuan Zhou and
               Enrico Minack and
               Wolf Siberski and
               Wolfgang Nejdl},
  title     = {From keywords to semantic queries - Incremental query construction
               on the semantic web},
  journal   = {J. Web Sem.},
  volume    = {7},
  number    = {3},
  year      = {2009},
  pages     = {166-176}
}

@inproceedings{TranWRC09,
  author    = {Thanh Tran and
               Haofen Wang and
               Sebastian Rudolph and
               Philipp Cimiano},
  title     = {Top-k Exploration of Query Candidates for Efficient Keyword
               Search on Graph-Shaped (RDF) Data},
  booktitle = {ICDE},
  year      = {2009}
}

@inproceedings{LeiUM06,
  author    = {Yuangui Lei and
               Victoria S. Uren and
               Enrico Motta},
  title     = {SemSearch: A Search Engine for the Semantic Web},
  booktitle = {EKAW},
  year      = {2006}
}

@inproceedings{WangZLTY08,
  author    = {Haofen Wang and
               Kang Zhang and
               Qiaoling Liu and
               Thanh Tran and
               Yong Yu},
  title     = {Q2Semantic: A Lightweight Keyword Interface to Semantic
               Search},
  booktitle = {ESWC},
  year      = {2008},
  pages     = {584-598}
}

@inproceedings{ZhouWXWY07,
  author    = {Qi Zhou and
               Chong Wang and
               Miao Xiong and
               Haofen Wang and
               Yong Yu},
  title     = {SPARK: Adapting Keyword Query to Semantic Search},
  booktitle = {ISWC/ASWC},
  year      = {2007},
  pages     = {694-707}
}

@inproceedings{PetkovaCD09,
  author    = {Desislava Petkova and
               W. Bruce Croft and
               Yanlei Diao},
  title     = {Refining Keyword Queries for XML Retrieval by Combining
               Content and Structure},
  booktitle = {ECIR},
  year      = {2009},
  pages     = {662-669}
}

@inproceedings{CaladoSVLR02,
  author    = {P{\'a}vel Calado and
               Altigran Soares da Silva and
               Rodrigo C. Vieira and
               Alberto H. F. Laender and
               Berthier A. Ribeiro-Neto},
  title     = {Searching web databases by structuring keyword-based queries},
  booktitle = {CIKM},
  year      = {2002}
}

@inproceedings{GoncalvesFKCLSR04,
  author    = {Marcos Andr{\'e} Gon\c{c}alves and
               Edward A. Fox and
               Aaron Krowne and
               P{\'a}vel Calado and
               Alberto H. F. Laender and
               Altigran Soares da Silva and
               Berthier A. Ribeiro-Neto},
  title     = {The effectiveness of automatically structured queries in
               digital libraries},
  booktitle = {JCDL},
  year      = {2004},
  pages     = {98-107}
}

@article{ChakrabartiSS10,
  author    = {Soumen Chakrabarti and
               Sunita Sarawagi and
               S. Sudarshan},
  title     = {Enhancing Search with Structure},
  journal   = {IEEE Data Eng. Bull.},
  volume    = {33},
  number    = {1},
  year      = {2010},
  pages     = {3-24}
}

@inproceedings{ChenXWJY10,
  author    = {Junquan Chen and
               Kaifeng Xu and
               Haofen Wang and
               Wei Jin and
               Yong Yu},
  title     = {Effective and Efficient Keyword Query Interpretation Using
               a Hybrid Graph},
  booktitle = {WISE},
  year      = {2010},
  pages     = {175-189}
}

@inproceedings{Pound2010,
 author = {Pound, Jeffrey and Ilyas, Ihab F. and Weddell, Grant},
 title = {Expressive and flexible access to web-extracted data: a keyword-based structured query language},
 booktitle = {SIGMOD},
 year = {2010}
}

@inproceedings{ShekarpourANGHS11,
  author    = {Saeedeh Shekarpour and
               S{\"o}ren Auer and
               Axel-Cyrille Ngonga Ngomo and
               Daniel Gerber and
               Sebastian Hellmann and
               Claus Stadler},
  title     = {Keyword-Driven SPARQL Query Generation Leveraging Background
               Knowledge},
  booktitle = {Web Intelligence},
  year      = {2011},
  pages     = {203-210}
}

@inproceedings{ChenWLL09,
  author    = {Yi Chen and
               Wei Wang and
               Ziyang Liu and
               Xuemin Lin},
  title     = {Keyword search on structured and semi-structured data},
  booktitle = {SIGMOD},
  year      = {2009}
}

@inproceedings{ZhangTP10,
  author    = {Ning Zhang and
               Yuanyuan Tian and
               Jignesh M. Patel},
  title     = {Discovery-driven graph summarization},
  booktitle = {ICDE},
  year      = {2010}
}

@inproceedings{SydowPSS10,
  author    = {Marcin Sydow and
               Mariusz Pikula and
               Ralf Schenkel and
               Adam Siemion},
  title     = {Entity Summarisation with Limited Edge Budget on Knowledge
               Graphs},
  booktitle = {IMCSIT},
  year      = {2010},
  pages     = {513-516}
}

graph summary -- not preserving properties

@inproceedings{NavlakhaRS08,
  author    = {Saket Navlakha and
               Rajeev Rastogi and
               Nisheeth Shrivastava},
  title     = {Graph summarization with bounded error},
  booktitle = {SIGMOD},
  year      = {2008}
}

@inproceedings{Wegman83,
  author    = {Mark N. Wegman},
  title     = {Summarizing Graphs by Regular Expressions},
  booktitle = {POPL},
  year      = {1983},
  pages     = {203-216}
}


@inproceedings{HuangLC08,
  author    = {Yu Huang and
               Ziyang Liu and
               Yi Chen},
  title     = {Query biased snippet generation in XML search},
  booktitle = {SIGMOD},
  year      = {2008},
  pages     = {315-326}
}

@article{LiuC11,
  author    = {Ziyang Liu and
               Yi Chen},
  title     = {Processing keyword search on XML: a survey},
  journal   = {World Wide Web},
  volume    = {14},
  number    = {5-6},
  year      = {2011}
}


-- query expansion.

@article{LiuNC11,
  author    = {Ziyang Liu and
               Sivaramakrishnan Natarajan and
               Yi Chen},
  title     = {Query Expansion Based on Clustered Results},
  journal   = {PVLDB},
  volume    = {4},
  number    = {6},
  year      = {2011},
  pages     = {350-361}
}

@article{SarkasBDK09,
  author    = {Nikos Sarkas and
               Nilesh Bansal and
               Gautam Das and
               Nick Koudas},
  title     = {Measure-driven Keyword-Query Expansion},
  journal   = {PVLDB},
  volume    = {2},
  number    = {1},
  year      = {2009},
  pages     = {121-132}
}

@article{FangSYB11,
  author    = {Lujun Fang and
               Anish Das Sarma and
               Cong Yu and
               Philip Bohannon},
  title     = {REX: Explaining Relationships between Entity Pairs},
  journal   = {PVLDB},
  volume    = {5},
  number    = {3},
  year      = {2011},
  pages     = {241-252}
}

@inproceedings{KoutrikaSI06,
  author    = {Georgia Koutrika and
               Alkis Simitsis and
               Yannis E. Ioannidis},
  title     = {Pr{\'e}cis: The Essence of a Query Answer},
  booktitle = {ICDE},
  year      = {2006},
  pages     = {69-78}
}

@inproceedings{KoutrikaZG09,
  author    = {Georgia Koutrika and
               Zahra Mohammadi Zadeh and
               Hector Garcia-Molina},
  title     = {Data clouds: summarizing keyword search results over structured
               data},
  booktitle = {EDBT},
  year      = {2009},
  pages     = {391-402}
  }


  @incollection{AggarwalW10b,
  author    = {Charu C. Aggarwal and
               Haixun Wang},
  title     = {A Survey of Clustering Algorithms for Graph Data},
  booktitle = {Managing and Mining Graph Data},
  year      = {2010},
  pages     = {275-301}}


@article{LiuC10,
  author    = {Ziyang Liu and
               Yi Chen},
  title     = {Query Results Ready, Now What?},
  journal   = {IEEE Data Eng. Bull.},
  volume    = {33},
  number    = {1},
  year      = {2010},
  pages     = {46-53}
  }
	
	


@article{chen2010mining,
  title={Mining Large Information Networks by Graph Summarization},
  author={Chen, C. and Lin, C.X. and Fredrikson, M. and Christodorescu, M. and Yan, X. and Han, J.},
  journal={Link Mining: Models, Algorithms, and Applications},
  pages={475--501},
  year={2010}
}


@article{liu2010return,
  title={Return specification inference and result clustering for keyword search on XML},
  author={Liu, Z. and Chen, Y.},
  journal={TODS},
  volume={35},
  number={2},
  pages={10},
  year={2010}
}

============
keyword queries

@inproceedings{Guo03,
 author = {Guo, Lin and Shao, Feng and Botev, Chavdar and Shanmugasundaram, Jayavel},
 title = {XRANK: ranked keyword search over XML documents},
 booktitle = {SIGMOD},
 year = {2003}
}

@inproceedings{kacholia2005bidirectional,
  title={Bidirectional expansion for keyword search on graph databases},
  author={Kacholia, V. and Pandit, S. and Chakrabarti, S. and Sudarshan, S. and Desai},
  booktitle={VLDB},
  year={2005}
}


@article{KimLAJK12,
  author = {Kim, Seung and Lee, Wookey and Arora, Nidhi R. and Jo, Tae-Chang and Kang, Suk-Ho},
  journal = {Expert Syst. Appl.},
  number = 5,
  pages = {4647-4656},
  title = {Retrieving keyworded subgraphs with graph ranking score.},
  volume = 39,
  year = 2012
}

@inproceedings{parthasarathy2011algorithm,
 author = {K., Parthasarathy and Kumar, Sreenivasa P. and Damien, Dominic},
 title = {Ranked answer graph construction for keyword queries on RDF graphs without distance neighbourhood restriction},
 booktitle = {WWW},
 year = {2011},
 numpages = {6}
}


@inproceedings{K2011,
  title={Algorithm for answer graph construction for keyword queries on RDF Data},
  author={Parthasarathy, K and Kumar, Sreenivasa and Damien, Dominic},
  booktitle={WWW},
  year={2011}
}

@inproceedings{lee2011maximum,
  title={Maximum reliable tree for social network search},
  author={Lee, W. and Lee, J.J.H. and Song, J.J.S. and Eom, C.S.H.},
  booktitle={DASC},
  year={2011}
}


@article{ZhaoNI05,
  author    = {Liang Zhao and
               Hiroshi Nagamochi and
               Toshihide Ibaraki},
  title     = {Greedy splitting algorithms for approximating multiway partition
               problems},
  journal   = {Math. Program.},
  volume    = {102},
  number    = {1},
  year      = {2005}
}

@article{Queyranne98,
  author    = {Maurice Queyranne},
  title     = {Minimizing symmetric submodular functions},
  journal   = {Math. Program.},
  volume    = {82},
  year      = {1998},
  pages     = {3-12}
}

@article{de2009subgraph,
  title={The subgraph similarity problem},
  author={De Nardo, L. and Ranzato, F. and Tapparo, F.},
  journal={Knowledge and Data Engineering, IEEE Transactions on},
  volume={21},
  number={5},
  year={2009}
}


@article{Radlinski09,
 author = {Radlinski, Filip and Bennett, Paul N. and Carterette, Ben and Joachims, Thorsten},
 title = {Redundancy, diversity and interdependent document relevance},
 journal = {SIGIR Forum},
 volume = {43},
 number = {2},
 month = dec,
 year = {2009},
 pages = {46--52},
 numpages = {7}
}

@article{sydow2011towards,
  title={Towards the Foundations of Diversity-Aware Node Summarisation on Knowledge Graphs},
  author={Sydow, M.},
  year={2011}
}

@inproceedings{GollapudiS09,
  author    = {Sreenivas Gollapudi and
               Aneesh Sharma},
  title     = {An axiomatic approach for result diversification},
  booktitle = {WWW},
  year      = {2009}
}

@techreport{krishnamurthy2006using,
  title={Using structured queries for keyword information retrieval},
  author={Krishnamurthy, R. and Raghavan, S. and Vaithyanathan, S. and Zhu, H.},
  year={2006},
  institution={IBM Technical Report RJ 10413}
}

@inproceedings{tian2008efficient,
  title={Efficient aggregation for graph summarization},
  author={Tian, Y. and Hankins, R.A. and Patel, J.M.},
  booktitle={SIGMOD},
  year={2008}
}

@inproceedings{TataL08,
  author    = {Sandeep Tata and
               Guy M. Lohman},
  title     = {SQAK: doing more with keywords},
  booktitle = {SIGMOD},
  year      = {2008}
}

@inproceedings{GuhaK98,
  author    = {Sudipto Guha and
               Samir Khuller},
  title     = {Greedy Strikes Back: Improved Facility Location Algorithms},
  booktitle = {SODA},
  year      = {1998}
}

@inproceedings{tong2006center,
  title={Center-piece subgraphs: problem definition and fast solutions},
  author={Tong, H. and Faloutsos, C.},
  booktitle={SIGKDD},
  year={2006}
}

@inproceedings{goldstein2000multi,
  title={Multi-document summarization by sentence extraction},
  author={Goldstein, J. and Mittal, V. and Carbonell, J. and Kantrowitz, M.},
  booktitle={NAACL-ANLPWorkshop on Automatic summarization},
  pages={40--48},
  year={2000}
}

@inproceedings{charikar1999constant,
  title={A constant-factor approximation algorithm for the k-median problem},
  author={Charikar, M. and Guha, S. and Tardos, {\'E}. and Shmoys, D.B.},
  booktitle={STOC},
  pages={1--10},
  year={1999}
}

@article{bustan2003simulation,
  title={Simulation-based minimization},
  author={Bustan, D. and Grumberg, O.},
  journal={TOCL},
  volume={4},
  number={2},
  pages={181--206},
  year={2003}
}

@inproceedings{recordon2006openid,
  title={OpenID 2.0: a platform for user-centric identity management},
  author={Recordon, D. and Reed, D.},
  booktitle={DIM},
  pages={11--16},
  year={2006}
}


@article{plesnik1982complexity,
  title={Complexity of decomposing graphs into factors with given diameters or radii},
  author={Plesn{\'\i}k, J{\'a}n},
  journal={Mathematica Slovaca},
  volume={32},
  number={4},
  pages={379--388},
  year={1982}
}

@article{sugar2003finding,
  title={Finding the number of clusters in a dataset},
  author={Sugar, Catherine A and James, Gareth M},
  journal={Journal of the American Statistical Association},
  volume={98},
  number={463},
  pages={750--763},
  year={2003}
}

@article{mardia1980multivariate,
  title={Multivariate analysis},
  author={Mardia, Kantilal Varichand and Kent, John T and Bibby, John M},
  year={1980}
}

@inproceedings{fan2011interactive,
  title={Interactive SQL query suggestion: Making databases user-friendly},
  author={Fan, Ju and Li, Guoliang and Zhou, Lizhu},
  booktitle={ICDE},
  pages={351--362},
  year={2011}
}

@inproceedings{li2008ease,
  title={EASE: an effective 3-in-1 keyword search method for unstructured, semi-structured and structured data},
  author={Li, Guoliang and Ooi, Beng Chin and Feng, Jianhua and Wang, Jianyong and Zhou, Lizhu},
  booktitle={SIGMOD},
  pages={903--914},
  year={2008}
}

@inproceedings{elbassuoni2011keyword,
  title={Keyword search over RDF graphs},
  author={Elbassuoni, Shady and Blanco, Roi},
  booktitle={CIKM},
  pages={237--242},
  year={2011},
  organization={ACM}
}

%%%%%%%%%% summary patterns %%%%%%%%%%


@inproceedings{sydow2010diversum,
  title={DIVERSUM: Towards diversified summarisation of entities in knowledge graphs},
  author={Sydow, Marcin and Pikula, Mariusz and Schenkel, Ralf},
  booktitle={ICDE Workshops},
  pages={221--226},
  year={2010}
}

@inproceedings{sydow2010entity,
  title={Entity summarisation with limited edge budget on knowledge graphs},
  author={Sydow, Marcin and Pikula, Mariusz and Schenkel, Ralf and Siemion, Adam},
  booktitle={IMCSIT},
  year={2010}
}

@incollection{sydow2011diversify,
  title={To diversify or not to diversify entity summaries on RDF knowledge graphs?},
  author={Sydow, Marcin and Piku{\l}a, Mariusz and Schenkel, Ralf},
  booktitle={Foundations of Intelligent Systems},
  year={2011}
}

@incollection{picalausa2012structural,
  title={A structural approach to indexing triples},
  author={Picalausa, Fran{\c{c}}ois and Luo, Yongming and Fletcher, George HL and Hidders, Jan and Vansummeren, Stijn},
  booktitle={The Semantic Web: Research and Applications},
  pages={406--421},
  year={2012}
}

@inproceedings{chen2008effective,
  title={On effective presentation of graph patterns: a structural representative approach},
  author={Chen, Chen and Lin, Cindy Xide and Yan, Xifeng and Han, Jiawei},
  booktitle={CIKM},
  year={2008}
}

@inproceedings{xin2006extracting,
  title={Extracting redundancy-aware top-k patterns},
  author={Xin, Dong and Cheng, Hong and Yan, Xifeng and Han, Jiawei},
  booktitle={SIGKDD},
  year={2006}
}


@incollection{liu2013frequent,
  title={Frequent subgraph summarization with error control},
  author={Liu, Zheng and Jin, Ruoming and Cheng, Hong and Yu, Jeffrey Xu},
  booktitle={Web-Age Information Management},
  pages={1--12},
  year={2013}
}

@incollection{pennerath2009model,
  title={The model of most informative patterns and its application to knowledge extraction from graph databases},
  author={Pennerath, Fr{\'e}d{\'e}ric and Napoli, Amedeo},
  booktitle={Machine Learning and Knowledge Discovery in Databases},
  pages={205--220},
  year={2009}
}

  @article{Bizer09,
 author = {Bizer, Christian and Lehmann, Jens and Kobilarov, Georgi and Auer, S\"{o}ren and Becker, Christian and Cyganiak, Richard and Hellmann, Sebastian},
 title = {DBpedia - A crystallization point for the Web of Data},
 journal = {Web Semant.},
 volume = {7},
 issue = {3},
 year = {2009},
 pages = {154--165},
 publisher = {Elsevier Science Publishers B. V.}
}

@inproceedings{ailamaki2014running,
  title={Running with scissors: Fast queries on just-in-time databases},
  author={Ailamaki, Anastasia},
  booktitle={ICDE},
  pages={1--1},
  year={2014}
}

  @inproceedings{Le11,
 author = {Le, Wangchao and Duan, Songyun and Kementsietsidis, Anastasios and Li, Feifei and Wang, Min},
 title = {Rewriting queries on {SPARQL} views},
 booktitle = {WWW},
 year = {2011}
}

@inproceedings{fan2014answering,
  title={Answering graph pattern queries using views},
  author={Fan, Wenfei and Wang, Xin and Wu, Yinghui},
  booktitle={ICDE},
  year={2014}
}

@inproceedings{fan2012query,
  title={Query preserving graph compression},
  author={Fan, Wenfei and Li, Jianzhong and Wang, Xin and Wu, Yinghui},
  booktitle={SIGMOD},
  pages={157--168},
  year={2012}
}

@inproceedings{leskovec2006sampling,
  title={Sampling from large graphs},
  author={Leskovec, Jure and Faloutsos, Christos},
  booktitle={Proceedings of the 12th ACM SIGKDD international conference on Knowledge discovery and data mining},
  pages={631--636},
  year={2006}
}

@inproceedings{fan2014querying,
  title={Querying big graphs within bounded resources},
  author={Fan, Wenfei and Wang, Xin and Wu, Yinghui},
  booktitle={SIGMOD},
  year={2014}
}

@inproceedings{dong2014knowledge,
  title={Knowledge vault: A web-scale approach to probabilistic knowledge fusion},
  author={Dong, Xin and Gabrilovich, Evgeniy and Heitz, Geremy and Horn, Wilko and Lao, Ni and Murphy, Kevin and Strohmann, Thomas and Sun, Shaohua and Zhang, Wei},
  booktitle={KDD},
  year={2014}
}

@article{yang2014schemaless,
  title={Schemaless and structureless graph querying},
  author={Yang, Shengqi and Wu, Yinghui and Sun, Huan and Yan, Xifeng},
  journal={VLDB},
  pages={565--576},
  year={2014}
}



@Misc{Jena,
 author =        {},
  title =        {Apache Jena Project},
  howpublished = {{\sl https://jena.apache.org/}}
}

@Misc{yago2,
 author =        {},
  title =        {YAGO2},
  howpublished = {{\sl mpi-inf.mpg.de/yago}}
}


@Misc{dbpedia,
 author =        {},
  title =        {DBpedia},
  howpublished = {{\sl dbpedia.org}}
}


      @Misc{neo4j,
 author =        {},
  title =        {Neo4J Project},
  howpublished = {{\sl http://neo4j.org/}}
}

  @inproceedings{QuilitzL08,
  author    = {Bastian Quilitz and
               Ulf Leser},
  title     = {Querying Distributed {RDF} Data Sources with SPARQL},
  booktitle = {ESWC},
  year      = {2008},
  pages     = {524-538}}
	
	@Misc{naga,
 author =        {},
  title =        {NAGA:Searching and Ranking Knowledge},
  howpublished = {{\sl https://www.mpi-inf.mpg.de/departments/databases-and-information-systems/research/yago-naga/naga/}}
}


@inproceedings{koutra2014vog,
  title={VoG: Summarizing and understanding large graphs},
  author={Koutra, Danai and Kang, U and Vreeken, Jilles and Faloutsos, Christos},
  booktitle={Proceedings of the SIAM International Conference on Data Mining (SDM), Philadelphia, PA},
  year={2014}
}

@inproceedings{riondato2014graph,
  title={Graph Summarization with Quality Guarantees},
  author={Riondato, Matteo and Garcia-Soriano, David and Bonchi, Francesco},
  booktitle={ICDM},
  pages={947--952},
  year={2014}
}

@article{wu2013summarizing,
  title={Summarizing answer graphs induced by keyword queries},
  author={Wu, Yinghui and Yang, Shengqi and Srivatsa, Mudhakar and Iyengar, Arun and Yan, Xifeng},
  journal={Proceedings of the VLDB Endowment},
  volume={6},
  number={14},
  pages={1774--1785},
  year={2013},
  publisher={VLDB Endowment}
}

@article{elseidy2014grami,
  title={Grami: Frequent subgraph and pattern mining in a single large graph},
  author={Elseidy, Mohammed and Abdelhamid, Ehab and Skiadopoulos, Spiros and Kalnis, Panos},
  journal={PVLDB},
  volume={7},
  number={7},
  pages={517--528},
  year={2014}
}

@inproceedings{ketkar2005subdue,
  title={Subdue: Compression-based frequent pattern discovery in graph data},
  author={Ketkar, Nikhil S and Holder, Lawrence B and Cook, Diane J},
  booktitle={Proceedings of the 1st international workshop on open source data mining: frequent pattern mining implementations},
  pages={71--76},
  year={2005},
  organization={ACM}
}
@article{zych2012reoptimization,
  title={Reoptimization of NP-hard problems},
  author={Zych, Anna},
  year={2012}
}

@article{hassin1997approximation,
  title={Approximation algorithms for maximum dispersion},
  author={Hassin, Refael and Rubinstein, Shlomi and Tamir, Arie},
  journal={Operations research letters},
  volume={21},
  number={3},
  pages={133--137},
  year={1997}
}

@inproceedings{arai2007anytime,
  title={Anytime measures for top-k algorithms},
  author={Arai, Benjamin and Das, Gautam and Gunopulos, Dimitrios and Koudas, Nick},
  booktitle={VLDB},
  pages={914--925},
  year={2007}
}

@article{le2014scalable,
  title={Scalable keyword search on large rdf data},
  author={Le, Wangchao and Li, Feifei and Kementsietsidis, Anastasios and Duan, Songyun},
  journal={TKDE},
  volume={26},
  number={11},
  pages={2774--2788},
  year={2014}
}

@inproceedings{kasneci2008naga,
  title={Naga: Searching and ranking knowledge},
  author={Kasneci, Gjergji and Suchanek, Fabian M and Ifrim, Georgiana and Ramanath, Maya and Weikum, Gerhard},
  booktitle={ICDE},
  year={2008}
}

@inproceedings{baeza2007extracting,
  title={Extracting semantic relations from query logs},
  author={Baeza-Yates, Ricardo and Tiberi, Alessandro},
  booktitle={KDD},
  pages={76--85},
  year={2007}
}


@article{khuller1999budgeted,
  title={The budgeted maximum coverage problem},
  author={Khuller, Samir and Moss, Anna and Naor, Joseph Seffi},
  journal={Information Processing Letters},
  volume={70},
  number={1},
  pages={39--45},
  year={1999}
}

@article{simitsis2008precis,
  title={Pr{\'e}cis: from unstructured keywords as queries to structured databases as answers},
  author={Simitsis, Alkis and Koutrika, Georgia and Ioannidis, Yannis},
  journal={The VLDB Journal},
  volume={17},
  number={1},
  pages={117--149},
  year={2008}
}

@inproceedings{minack2011incremental,
  title={Incremental diversification for very large sets: a streaming-based approach},
  author={Minack, Enrico and Siberski, Wolf and Nejdl, Wolfgang},
  booktitle={SIGIR},
  year={2011}
}

@inproceedings{yan2003closegraph,
  title={CloseGraph: mining closed frequent graph patterns},
  author={Yan, Xifeng and Han, Jiawei},
  booktitle={KDD},
  year={2003}
}

@MISC{full,
  Title = {{Full version}},
  note = {\url{http://eecs.wsu.edu/~mnamaki/VLDB_Full.pdf}}
}

@inproceedings{bollacker2008freebase,
  title={Freebase: a collaboratively created graph database for structuring human knowledge},
  author={Bollacker, Kurt and Evans, Colin and Paritosh, Praveen and Sturge, Tim and Taylor, Jamie},
  booktitle={SIGMOD},
  year={2008}
}



%%%%%%%%%%%%%%%%%%%%%%%%%%%%%%%%%%%%%%%%%%%%%%%%%%
% temporal graph patterns

@article{song2014event,
  title={Event pattern matching over graph streams},
  author={Song, Chunyao and Ge, Tingjian and Chen, Cindy and Wang, Jie},
  journal={PVLDB},
  volume={8},
  number={4},
  pages={413--424},
  year={2014}
}

@article{chandramouli2010high,
  title={High-performance dynamic pattern matching over disordered streams},
  author={Chandramouli, Badrish and Goldstein, Jonathan and Maier, David},
  journal={Proceedings of the VLDB Endowment},
  volume={3},
  number={1-2},
  pages={220--231},
  year={2010}
}

@inproceedings{choudhury2011large,
  title={Large-scale continuous subgraph queries on streams},
  author={Choudhury, Sutanay and Holder, Lawrence and Chin, George and Feo, John},
  booktitle={Proceedings of the first annual workshop on High performance computing meets databases},
  pages={29--32},
  year={2011}
}

@article{gao2015toward,
  title={Toward continuous pattern detection over evolving large graph with snapshot isolation},
  author={Gao, Jun and Zhou, Chang and Yu, Jeffrey Xu},
  journal={The VLDB Journal},
  pages={1--22},
  year={2015}
}

@inproceedings{gao2014continuous,
  title={Continuous pattern detection over billion-edge graph using distributed framework},
  author={Gao, Jun and Zhou, Chang and Zhou, Jiashuai and Yu, Jeffrey Xu},
  booktitle={ICDE},
  pages={556--567},
  year={2014}
}

@article{aggarwal2010dense,
  title={On dense pattern mining in graph streams},
  author={Aggarwal, Charu C and Li, Yao and Yu, Philip S and Jin, Ruoming},
  journal={PVLDB},
  volume={3},
  number={1-2},
  pages={975--984},
  year={2010}
}


@inproceedings{teixeira2015arabesque,
  title={Arabesque: a system for distributed graph mining},
  author={Teixeira, Carlos HC and Fonseca, Alexandre J and Serafini, Marco and Siganos, Georgos and Zaki, Mohammed J and Aboulnaga, Ashraf},
  booktitle={SOSP},
  pages={425--440},
  year={2015}
}

@inproceedings{bogdanov2011mining,
  title={Mining heavy subgraphs in time-evolving networks},
  author={Bogdanov, Petko and Mongiovi, Melina and Singh, Ambuj K},
  booktitle={ICDM},
  pages={81--90},
  year={2011}
}


@article{zhu2011mining,
  title={Mining top-k large structural patterns in a massive network},
  author={Zhu, Feida and Qu, Qiang and Lo, David and Yan, Xifeng and Han, Jiawei and Yu, PS},
  journal={VLDB},
  volume={4},
  number={11},
  pages={807--818},
  year={2011}
}

@inproceedings{galarraga2013amie,
  title={{AMIE}: association rule mining under incomplete evidence in ontological knowledge bases},
  author={Gal{\'a}rraga, Luis Antonio and Teflioudi, Christina and Hose, Katja and Suchanek, Fabian},
  booktitle={WWW},
  year={2013}
}


@inproceedings{dong2014knowledge-full,
  title={Knowledge vault: A web-scale approach to probabilistic knowledge fusion},
  author={Dong, Xin and Gabrilovich, Evgeniy and Heitz, Geremy and Horn, Wilko and Lao, Ni and Murphy, Kevin and Strohmann, Thomas and Sun, Shaohua and Zhang, Wei},
  booktitle={KDD},
  pages={601--610},
  year={2014}
}

@inproceedings{bohannon2007conditional,
  title={Conditional functional dependencies for data cleaning},
  author={Bohannon, Philip and Fan, Wenfei and Geerts, Floris and Jia, Xibei and Kementsietsidis, Anastasios},
  booktitle={ICDE},
  year={2007}
}

@incollection{lallich2007association,
  title={Association rule interestingness: Measure and statistical validation},
  author={Lallich, Stephane and Teytaud, Olivier and Prudhomme, Elie},
  booktitle={Quality measures in data mining},
  pages={251--275},
  year={2007}
}

@incollection{berlingerio2009mining,
  title={Mining graph evolution rules},
  author={Berlingerio, Michele and Bonchi, Francesco and Bringmann, Bj{\"o}rn and Gionis, Aristides},
  booktitle={Machine learning and knowledge discovery in databases},
  pages={115--130},
  year={2009}
}

@inproceedings{kamber1996evaluating,
  title={Evaluating the Interestingness of Characteristic Rules.},
  author={Kamber, Micheline and Shinghal, Rajjan},
  booktitle={KDD},
  pages={263--266},
  year={1996}
}

@article{lu2011link,
  title={Link prediction in complex networks: A survey},
  author={L{\"u}, Linyuan and Zhou, Tao},
  journal={Physica A: Statistical Mechanics and its Applications},
  volume={390},
  number={6},
  pages={1150--1170},
  year={2011}
}

@Article{CFD,

  author =       {Wenfei Fan and Floris Geerts and Xibei Jia

                  and Anastasios Kementsietsidis},

  title =        {Conditional Functional Dependencies

                   for Capturing Data Inconsistencies},

  journal =      {TODS},

  volume =       33,

  number =       1,

  year   =  "2008"

}

@inproceedings{xin2006extracting,
  title={Extracting redundancy-aware top-k patterns},
  author={Xin, Dong and Cheng, Hong and Yan, Xifeng and Han, Jiawei},
  booktitle={KDD},
  year={2006}
}

@article{amer2009battling,
  title={Battling Predictability and Overconcentration in Recommender Systems.},
  author={Amer-Yahia, Sihem and Lakshmanan, Laks VS and Vassilvitskii, Sergei and Yu, Cong},
  journal={IEEE Data Eng. Bull.},
  volume={32},
  number={4},
  year={2009}
}

@InProceedings{Gollapudi09,
  author = 	 {Sreenivas Gollapudi and Aneesh Sharma},
  title = 	 {An axiomatic approach for result diversification},
  booktitle = 	 {WWW},
  year = 2009
}

@incollection{fournier2012mining,
  title={Mining top-K non-redundant association rules},
  author={Fournier-Viger, Philippe and Tseng, Vincent S},
  booktitle={ISMIS},
  year={2012}
}

@inproceedings{minack2011incremental,
  title={Incremental diversification for very large sets: a streaming-based approach},
  author={Minack, Enrico and Siberski, Wolf and Nejdl, Wolfgang},
  booktitle={SIGIR},
  pages={585--594},
  year={2011}
}

@article{Buchan2004,
title = "The boundaries of trust: own and others' actions in the {US} and {China}",
journal = "Journal of Economic Behavior \& Organization",
volume = "55",
number = "4",
pages = "485-504",
year = "2004",
author = "Nancy Buchan and Rachel Croson"
}

@article{shelokar2014three,
  title={Three-objective subgraph mining using multiobjective evolutionary programming},
  author={Shelokar, Prakash and Quirin, Arnaud and Cord{\'o}n, {\'O}scar},
  journal={JCSS},
  volume={80},
  number={1},
  pages={16--26},
  year={2014}
}


@article{caomaking,
  title={Making Pattern Queries Bounded in Big Graphs},
  author={Cao, Yang and Fan, Wenfei and Huai, Jinpeng and Huang, Ruizhe},
	booktitle = {ICDE},
  year      = {2015}
}

@inproceedings{shao2014parallel,
  title={Parallel subgraph listing in a large-scale graph},
  author={Shao, Yingxia and Cui, Bin and Chen, Lei and Ma, Lin and Yao, Junjie and Xu, Ning},
  booktitle={SIGMOD},
  year={2014}
}

@article{mcgarry2005survey,
  title={A survey of interestingness measures for knowledge discovery},
  author={McGarry, Kenneth},
  journal={Knowledge Eng. Review},
  volume={20},
  number={1},
  pages={39--61},
  year={2005},
  publisher={Cambridge Univ Press}
}

@article{Rodgers1985,
 author = {Rodgers, David P.},
 title = {Improvements in Multiprocessor System Design},
 journal = {SIGARCH Comput. Archit. News},
 issue_date = {June 1985},
 volume = {13},
 number = {3},
 month = jun,
 year = {1985},
 issn = {0163-5964},
 pages = {225--231},
 numpages = {7}
}

@inproceedings{Koutris2011,
 author = {Koutris, Paraschos and Suciu, Dan},
 title = {Parallel Evaluation of Conjunctive Queries},
 booktitle = {PODS},
 year = 2011
}



@inproceedings{kim2013parallel,
  title={Parallel Processing of Multiple Graph Queries Using {MapReduce}},
  author={Kim, Song-Hyon and Lee, Kyong-Ha and Choi, Hyebong and Lee, Yoon-Joon},
  booktitle={DBKDA},
   year={2013}
}
@inproceedings{InMemorySubIso14,
 author = {Raman, Raghavan and van Rest, Oskar and Hong, Sungpack and Wu, Zhe and Chafi, Hassan and Banerjee, Jay},
 title = {{PGX.ISO}: Parallel and Efficient In-Memory Engine for Subgraph Isomorphism},
 series = {GRADES},
 year = {2014}
}

@incollection{inokuchi2000apriori,
  title={An apriori-based algorithm for mining frequent substructures from graph data},
  author={Inokuchi, Akihiro and Washio, Takashi and Motoda, Hiroshi},
  booktitle={Principles of Data Mining and Knowledge Discovery},
  year={2000}
}

@incollection{inokuchi2000apriori-full,
  title={An apriori-based algorithm for mining frequent substructures from graph data},
  author={Inokuchi, Akihiro and Washio, Takashi and Motoda, Hiroshi},
  booktitle={Principles of Data Mining and Knowledge Discovery},
  pages={13--23},
  year={2000}
}


@incollection{xxx,
  title={xxx},
  author={xxx},
  booktitle={xxx},
  year={xxx}
}

@book{socialweb,
  author    = {Larry Weber},
  title     = {Marketing to the Social Web},
  publisher = {Wiley},
  year      = {2007}
}


@inproceedings{TurboIso,
 author = {Han, Wook-Shin and Lee, Jinsoo and Lee, Jeong-Hoon},
 title = {Turboiso: Towards Ultrafast and Robust Subgraph Isomorphism Search in Large Graph Databases},
 booktitle = {SIGMOD},
 year = {2013}
}

@Misc{trust,
 author = {},
  title =        {Nielsen Global Online Consumer Survey},
  howpublished = {\\{\sl http://www.nielsen.com/content/dam/corporate/us/en/}\\{\sl newswire/uploads/2009/07/pr\_global-study\_07709.pdf}}
	}
	
	
	@Misc{Pokec,
 author = {},
  title =        {{Pokec social network}},
  howpublished = {\\{\sl http://snap.stanford.edu/data/soc-pokec.html}}
}

@inproceedings{gong2012evolution,
  title={Evolution of social-attribute networks: measurements, modeling, and implications using google+},
  author={Neil Zhenqiang {Gong et al}},
  booktitle={IMC},
  year={2012}
}
@inproceedings{gong2012evolution-full,
  title={Evolution of social-attribute networks: measurements, modeling, and implications using google+},
  author={Gong, Neil Zhenqiang and Xu, Wenchang and Huang, Ling and Mittal, Prateek and Stefanov, Emil and Sekar, Vyas and Song, Dawn},
  booktitle={IMC},
  year={2012}
}

@inproceedings{yang2006mining,
  title={Mining social networks for targeted advertising},
  author={Yang, Wan-Shiou and Dia, Jia-Ben and Cheng, Hung-Chi and Lin, Hsing-Tzu},
  booktitle={HICSS},
  year={2006}
}

@incollection{bringmann2008frequent,
  title={What is frequent in a single graph?},
  author={Bringmann, Bj{\"o}rn and Nijssen, Siegfried},
  booktitle={Advances in Knowledge Discovery and Data Mining},
  pages={858--863},
  year={2008},
  publisher={Springer}
}

@article{ISO,
  author    = {Xuguang Ren and
               Junhu Wang},
  title     = {Exploiting Vertex Relationships in Speeding up Subgraph Isomorphism
               over Large Graphs},
  journal   = {{PVLDB}},
  volume    = {8},
  number    = {5},
  pages     = {617--628},
  year      = {2015}
}

@inproceedings{myers2012information,
  title={Information diffusion and external influence in networks},
  author={Myers, Seth A and Zhu, Chenguang and Leskovec, Jure},
  booktitle={Proceedings of the 18th ACM SIGKDD international conference on Knowledge discovery and data mining},
  pages={33--41},
  year={2012},
  organization={ACM}
}

@inproceedings{S-LCA,
  author    = {Seth A. Myers and
               Chenguang Zhu and
               Jure Leskovec},
  title     = {Information diffusion and external influence in networks},
  booktitle = {KDD},
  year      = {2012}
}



@article{agrawal1993mining,
  title={Mining association rules between sets of items in large databases},
  author={Agrawal, Rakesh and Imieli{\'n}ski, Tomasz and Swami, Arun},
  journal={SIGMOD Record},
  volume={22},
  number={2},
  pages={207--216},
  year={1993}
}

@book{zhang2002association,
  title={Association rule mining: models and algorithms},
  author={Zhang, Chengqi and Zhang, Shichao},
  year={2002}
}

@incollection{schmitz2006mining,
  title={Mining association rules in folksonomies},
  author={Schmitz, Christoph and Hotho, Andreas and J{\"a}schke, Robert and Stumme, Gerd},
  booktitle={Data Science and Classification},
  pages={261--270},
  year={2006}
}

% temporal ARs
@incollection{chen1999mining,
  title={Mining temporal features in association rules},
  author={Chen, Xiaodong and Petrounias, Ilias},
  booktitle={Principles of Data Mining and Knowledge Discovery},
  pages={295--300},
  year={1999}
}

@article{li2003discovering,
  title={Discovering calendar-based temporal association rules},
  author={Li, Yingjiu and Ning, Peng and Wang, X Sean and Jajodia, Sushil},
  journal={Data \& Knowledge Engineering},
  volume={44},
  number={2},
  pages={193--218},
  year={2003}
}

@inproceedings{ozden1998cyclic,
  title={Cyclic association rules},
  author={{\"O}zden, Banu and Ramaswamy, Sridhar and Silberschatz, Avi},
  booktitle={Data Engineering, 1998. Proceedings., 14th International Conference on},
  pages={412--421},
  year={1998}
}

@book{kam2000discovering,
  title={Discovering temporal patterns for interval-based events},
  author={Kam, Po-shan and Fu, Ada Wai-Chee},
  year={2000},
  publisher={Springer}
}

@book{rainsford1999adding,
  title={Adding temporal semantics to association rules},
  author={Rainsford, Chris P and Roddick, John F},
  year={1999},
  publisher={Springer}
}

@inproceedings{ale2000approach,
  title={An approach to discovering temporal association rules},
  author={Ale, Juan M and Rossi, Gustavo H},
  booktitle={Proceedings of the 2000 ACM symposium on Applied computing-Volume 1},
  pages={294--300},
  year={2000}
}

@inproceedings{choudhury2013streamworks,
  title={StreamWorks: a system for dynamic graph search},
  author={Choudhury, Sutanay and Holder, Lawrence and Chin, George and Ray, Abhik and Beus, Sherman and Feo, John},
  booktitle={SIGMOD},
  pages={1101--1104},
  year={2013}
}

@article{fan2015association,
  title={Association rules with graph patterns},
  author={Fan, Wenfei and Wang, Xin and Wu, Yinghui and Xu, Jingbo},
  journal={Proceedings of the VLDB Endowment},
  volume={8},
  number={12},
  pages={1502--1513},
  year={2015}
}


@article{zaveri2013quality-earlier,
  title={Quality assessment methodologies for linked open data},
  author={Zaveri, Amrapali and Rula, Anisa and Maurino, Andrea and Pietrobon, Ricardo and Lehmann, Jens and Auer, S{\"o}ren and Hitzler, Pascal},
  journal={Submitted to Semantic Web Journal},
  year={2013}
}

@inproceedings{zaveri2013quality,
  author    = {Anisa Rula and
               Amrapali Zaveri},
  title     = {Methodology for Assessment of Linked Data Quality},
  booktitle = {LDQ@SEMANTiCS},
  year      = {2014}
}


@inproceedings{dylla2011resolving,
  title={Resolving Temporal Conflicts in Inconsistent {RDF} Knowledge Bases},
  author={Dylla, Maximilian and Sozio, Mauro and Theobald, Martin},
  booktitle={BTW},
  year={2011}
}

@article{huang2012reasoning,
  title={Reasoning with inconsistencies in hybrid {MKNF} knowledge bases},
  author={Huang, Shasha and Li, Qingguo and Hitzler, Pascal},
  journal={Logic Journal of IGPL},
  year={2012}
}

@incollection{chaudhri2014inconsistency,
  title={Inconsistency monitoring in a large scientific knowledge base},
  author={Chaudhri, Vinay K and Katragadda, Rahul and Shrager, Jeff and Wessel, Michael},
  booktitle={Knowledge Engineering and Knowledge Management},
  pages={66--79},
  year={2014}
}

@inproceedings{shen2007declarative,
  title={Declarative information extraction using datalog with embedded extraction predicates},
  author={Shen, Warren and Doan, AnHai and Naughton, Jeffrey F and Ramakrishnan, Raghu},
  booktitle={VLDB},
  year={2007}
}

@inproceedings{poon2007joint,
  title={Joint inference in information extraction},
  author={Poon, Hoifung and Domingos, Pedro},
  booktitle={AAAI},
  volume={7},
  pages={913--918},
  year={2007}
}

@inproceedings{parsia2004pellet,
  title={Pellet: An {OWL DL} reasoner},
  author={Parsia, Bijan and Sirin, Evren},
  booktitle={ISWC-Poster},
  volume={18},
  year={2004}
}

@incollection{lehmann2010ore,
  title={ORE-a tool for repairing and enriching knowledge bases},
  author={Lehmann, Jens and B{\"u}hmann, Lorenz},
  booktitle={ISWC},
  pages={177--193},
  year={2010}
}

@inproceedings{fan2010detecting,
  title={Detecting inconsistencies in distributed data},
  author={Fan, Wenfei and Geerts, Floris and Ma, Shuai and M{\"u}ller, Heiko},
  booktitle={ICDE},
  pages={64--75},
  year={2010}
}

@article{fan2014incremental,
  title={Incremental detection of inconsistencies in distributed data},
  author={Fan, Wenfei and Li, Jianzhong and Tang, Nan and Yu, Wenyuan},
  journal={TKDE},
  volume={26},
  number={6},
  year={2014}
}


@article{fan2014incremental-full,
  title={Incremental detection of inconsistencies in distributed data},
  author={Fan, Wenfei and Li, Jianzhong and Tang, Nan and Yu, Wenyuan},
  journal={TKDE},
  volume={26},
  number={6},
  pages={1367--1383},
  year={2014}
}

@inproceedings{pham2015deriving,
  title={Deriving an Emergent Relational Schema from RDF Data},
  author={Pham, Minh-Duc and Passing, Linnea and Erling, Orri and Boncz, Peter},
  booktitle={WWW},
  pages={864--874},
  year={2015}
}

@inproceedings{angles2012comparison,
  title={A comparison of current graph database models},
  author={Angles, Renzo},
  booktitle={ICDEW},
  pages={171--177},
  year={2012}
}

@inproceedings{calvanese2014capturing,
  title={Capturing relational schemas and functional dependencies in {RDFS}},
  author={Calvanese, Diego and Fischl, Wolfgang and Pichler, Reinhard and Sallinger, Emanuel and {\v{S}}imkus, Mantas},
  booktitle={AAAI},
  year={2014}
}


@inproceedings{suciu-pods13,
  author    = {Paul Beame and
               Paraschos Koutris and
               Dan Suciu},
  title     = {Communication steps for parallel query processing},
  booktitle = {PODS},
  pages     = {273--284},
  year      = {2013}
}

@incollection{broekstra2002sesame,
  title={Sesame: A generic architecture for storing and querying
{RDF} and {RDF} schema},
  author={Broekstra, Jeen and Kampman, Arjohn and Van Harmelen, Frank},
  booktitle={ISWC},
  year={2002}
}

@inproceedings{bosch2014requirements,
  title={Requirements on {RDF} constraint formulation and validation},
  author={Bosch, Thomas and Eckert, Kai},
  booktitle={DCMI},
  year={2014},
}


@inproceedings{Delta,
  title={A new series of $\Delta^{p}_{2}$-complete problems},
  author={S. Miyano},
  booktitle={Int. Workshop on Discrete Algorithms and Complexity},
  year={1989}
}

@inproceedings{Dep-survey,
  author    = {Ronald Fagin and
               Moshe Y. Vardi},
  title     = {The Theory of Data Dependencies - An Overview},
  booktitle = {ICALP},
  year      = {1984}
}
@inproceedings{etzioni2004web,
  title={Web-scale information extraction in {KnowItAll}},
  author={Etzioni, Oren and Cafarella, Michael and Downey, Doug and Kok, Stanley and Popescu, Ana-Maria and Shaked, Tal and Soderland, Stephen and Weld, Daniel S and Yates, Alexander},
  booktitle={WWW},
  year={2004}
}

@inproceedings{etzioni2004web-full,
  title={Web-scale information extraction in {KnowItAll} (preliminary results)},
  author={Etzioni, Oren and Cafarella, Michael and Downey, Doug and Kok, Stanley and Popescu, Ana-Maria and Shaked, Tal and Soderland, Stephen and Weld, Daniel S and Yates, Alexander},
  booktitle={WWW},
  year={2004}
}

@inproceedings{motik2007faithful,
  title={A Faithful Integration of Description Logics with Logic Programming.},
  author={Motik, Boris and Rosati, Riccardo},
  booktitle={IJCAI},
  volume={7},
  pages={477--482},
  year={2007}
}

@inproceedings{galarraga2014partout,
  title={Partout: a distributed engine for efficient {RDF} processing},
  author={Gal{\'a}rraga, Luis and Hose, Katja and Schenkel, Ralf},
  booktitle={WWW},
  year={2014}
}

@article{karypis2003parmetis,
  title={Parmetis},
  author={Karypis, George and Schloegel, Kirk and Kumar, Vipin},
  journal={Parallel graph partitioning and sparse matrix ordering library.},
  volume={2},
  year={2003}
}

@article{shmoys1993approximation,
  title={An approximation algorithm for the generalized assignment problem},
  author={Shmoys, David B and Tardos, {\'E}va},
  journal={Mathematical Programming},
  volume={62},
  number={1-3},
  pages={461--474},
  year={1993}
}

@inproceedings{slota2013fast,
  title={Fast approximate subgraph counting and enumeration},
  author={Slota, George M and Madduri, Kamesh},
  booktitle={ICPP},
  year={2013}
}

@article{hammoud2015dream,
  title={{DREAM:} distributed {RDF} engine with adaptive query planner and minimal communication},
  author={Hammoud, Mohammad and Rabbou, Dania Abed and Nouri, Reza and Beheshti, Seyed-Mehdi-Reza and Sakr, Sherif},
  journal={PVLDB},
  year={2015}
}

@article{tian2013think,
  title={From "think like a vertex" to "think like a graph"},
  author={Tian, Yuanyuan and Balmin, Andrey and Corsten, Severin Andreas and Tatikonda, Shirish and McPherson, John},
  journal={PVLDB},
  volume={7},
  number={3},
  pages={193--204},
  year={2013}
}

@inproceedings{chen2015powerlyra,
  title={Powerlyra: Differentiated graph computation and partitioning on skewed graphs},
  author={Chen, Rong and Shi, Jiaxin and Chen, Yanzhe and Chen, Haibo},
  booktitle={Proceedings of the Tenth European Conference on Computer Systems},
  pages={1},
  year={2015}
}

@article{low2012distributed,
  title={Distributed {GraphLab}: a framework for machine learning and data mining in the cloud},
  author={Low, Yucheng and Bickson, Danny and Gonzalez, Joseph and Guestrin, Carlos and Kyrola, Aapo and Hellerstein, Joseph M},
  journal={PVLDB},
  volume={5},
  number={8},
  pages={716--727},
  year={2012}
}

@inproceedings{hose2013warp,
  title={WARP: Workload-aware replication and partitioning for RDF},
  author={Hose, Katja and Schenkel, Ralf},
  booktitle={ICDEW},
  pages={1--6},
  year={2013}
}

@article{sevastianov1998makespan,
  title={Makespan minimization in open shops: A polynomial time approximation scheme},
  author={Sevastianov, Sergey V and Woeginger, Gerhard J},
  journal={Mathematical Programming},
  volume={82},
  number={1-2},
  pages={191--198},
  year={1998}
}

@inproceedings{bourse2014balanced,
  title={Balanced graph edge partition},
  author={Bourse, Florian and Lelarge, Marc and Vojnovic, Milan},
  booktitle={SIGKDD},
  year={2014}
}

@article{andreev2006balanced,
  title={Balanced graph partitioning},
  author={Andreev, Konstantin and Racke, Harald},
  journal={Theory of Computing Systems},
  volume={39},
  number={6},
  pages={929--939},
  year={2006}
	}

@inproceedings{gallego2011empirical,
  title={An empirical study of real-world {SPARQL} queries},
  author={Gallego, Mario Arias and Fern{\'a}ndez, Javier D and Mart{\'\i}nez-Prieto, Miguel A and de la Fuente, Pablo},
  booktitle={USEWOD workshop},
  year={2011}
}

@inproceedings{powergraph,
  author    = {Joseph E. Gonzalez and
               Yucheng Low and
               Haijie Gu and
               Danny Bickson and
               Carlos Guestrin},
  title     = {PowerGraph: Distributed Graph-Parallel Computation on Natural Graphs},
  booktitle = {USENIX},
  year      = {2012}
}

@inproceedings{aggarwal2003load,
  title={The load rebalancing problem},
  author={Aggarwal, Gagan and Motwani, Rajeev and Zhu, An},
  booktitle={SPAA},
  year={2003},
}

@inproceedings{equi-depth-histogram,
  author    = {Hamid Mousavi and
               Carlo Zaniolo},
  title     = {Fast and accurate computation of equi-depth histograms over data streams},
  booktitle = {EDBT},
  year      = {2011}
}

@inproceedings{poosala1996improved,
  title={Improved histograms for selectivity estimation of range predicates},
  author={Poosala, Viswanath and Haas, Peter J and Ioannidis, Yannis E and Shekita, Eugene J},
  booktitle={ACM SIGMOD Record},
  volume={25},
  number={2},
  year={1996}
}

@inproceedings{korf2009multi,
  title={Multi-Way Number Partitioning.},
  author={Korf, Richard E},
  booktitle={IJCAI},
  year={2009}
}

@inproceedings{le2012scalable,
  title={Scalable multi-query optimization for {SPARQL}},
  author={Le, Wangchao and Kementsietsidis, Anastasios and Duan, Songyun and Li, Feifei},
  booktitle={ICDE},
  year={2012}
}

@inproceedings{suchanek2007yago,
  title={Yago: a core of semantic knowledge},
  author={Suchanek, Fabian M and Kasneci, Gjergji and Weikum, Gerhard},
  booktitle={WWW},
  pages={697--706},
  year={2007}
}

	
	@Misc{Pokec,
 author = {},
  title =        {{Pokec social network}},
  howpublished = {\\{\sl http://snap.stanford.edu/data/soc-pokec.html}}
}


@inproceedings{mahdisoltani2014yago3,
  title={YAGO3: A knowledge base from multilingual Wikipedias},
  author={Mahdisoltani, Farzaneh and Biega, Joanna and Suchanek, Fabian},
  booktitle={CIDR},
  year={2014}
}

@inproceedings{khayyat2015bigdansing,
  title={Bigdansing: A system for big data cleansing},
  author={Khayyat, Zuhair and Ilyas, Ihab F and Jindal, Alekh and Madden, Samuel and Ouzzani, Mourad and Papotti, Paolo and Quian{\'e}-Ruiz, Jorge-Arnulfo and Tang, Nan and Yin, Si},
  booktitle={SIGMOD},
  year={2015}
}

@incollection{yu2011extending,
  title={Extending functional dependency to detect abnormal data in {RDF} graphs},
  author={Yu, Yang and Heflin, Jeff},
  booktitle={ISWC},
  year={2011}
}

@inproceedings{he2014using,
  title={Using conditional functional dependency to discover abnormal data in
{RDF} graphs},
  author={He, Binbin and Zou, Lei and Zhao, Dongyan},
  booktitle={SWIM},
  pages={1--7},
  year={2014}
}

@incollection{hellings2014implication,
  title={Implication and axiomatization of functional constraints on patterns with an application to the RDF data model},
  author={Hellings, Jelle and Gyssens, Marc and Paredaens, Jan and Wu, Yuqing},
  booktitle={Foundations of Information and Knowledge Systems},
  pages={250--269},
  year={2014},
  publisher={Springer}
}

@incollection{mendoza2014rule,
  title={A rule-based approach to address semantic accuracy problems on Linked Data},
  author={Mendoza, Leandro},
  journal={ISWC-DC},
  year = 2004
}

@article{hellings2015implication,
  title={Implication and axiomatization of functional and constant constraints},
  author={Hellings, Jelle and Gyssens, Marc and Paredaens, Jan and Wu, Yuqing},
  journal={Ann.~Math.~Artif.~Intell.},
  pages={1--29},
  year={2015}
}

@article{lai2015scalable,
  title={Scalable subgraph enumeration in {MapReduce}},
  author={Lai, Longbin and Qin, Lu and Lin, Xuemin and Chang, Lijun},
  journal={PVLDB},
  volume={8},
  number={10},
  pages={974--985},
  year={2015}
}

@inproceedings{karloff2010model,
  title={A model of computation for {MapReduce}},
  author={Karloff, Howard and Suri, Siddharth and Vassilvitskii, Sergei},
  booktitle={SODA},
  pages={938--948},
  year={2010}
}

@inproceedings{afrati2010optimizing,
  title={Optimizing joins in a map-reduce environment},
  author={Afrati, Foto N and Ullman, Jeffrey D},
  booktitle={EDBT},
  pages={99--110},
  year={2010}
}


@Misc{Giraph,
  author =  {Giraph},
  note = {{\sl http://giraph.apache.org/}}
}

@article{LowGKBGH12,
  author    = {Yucheng Low and
               Joseph Gonzalez and
               Aapo Kyrola and
               Danny Bickson and
               Carlos Guestrin and
               Joseph M. Hellerstein},
  title     = {Distributed {GraphLab}: A Framework for Machine Learning in
               the Cloud},
  journal   = {PVLDB},
  volume    = {5},
  number    = {8},
  year      = {2012}
}


@article{TB2013,
  author    = {Yuanyuan Tian and
         Andrey Balmin and Severin Andreas Corsten and Shirish Tatikonda,
John McPherson},
  title     = {From  "Think Like a Vertex" to "Think Like a Graph"},
  journal   = {PVLDB},
  volume    = {7},
  number    = {7},
  year      = {2013},
  pages     = {193-204}}
	
	
@article{blogel,
  author    = {Da Yan and
               James Cheng and
               Yi Lu and
               Wilfred Ng},
  title     = {Blogel: {A} Block-Centric Framework for Distributed Computation on
               Real-World Graphs},
  journal   = {{PVLDB}},
  volume    = {7},
  number    = {14},
  pages     = {1981--1992},
  year      = {2014}
}

@inproceedings{GPS,
  author    = {Semih Salihoglu and
               Jennifer Widom},
  title     = {{GPS:} a graph processing system},
  booktitle = {{SSDBM}},
  year      = {2013}
}

@inproceedings{GraphX,
  author    = {Joseph E. Gonzalez and
               Reynold S. Xin and
               Ankur Dave and
               Daniel Crankshaw and
               Michael J. Franklin and
               Ion Stoica},
  title     = {{GraphX}: Graph Processing in a Distributed Dataflow Framework},
  booktitle = {{OSDI}},
  pages     = {599--613},
  year      = {2014}
}

@inproceedings{GRACE,
  author    = {Guozhang Wang and
               Wenlei Xie and
               Alan J. Demers and
               Johannes Gehrke},
  title     = {Asynchronous Large-Scale Graph Processing Made Easy},
  booktitle = {{CIDR}},
  year      = {2013}
}

%%% parallel subgraph enumeration/matching
@inproceedings{afrati2013enumerating,
  title={Enumerating subgraph instances using map-reduce},
  author={Afrati, Foto N and Fotakis, Dimitris and Ullman, Jeffrey D},
  booktitle={ICDE},
  year={2013}
}

@inproceedings{shao2014parallel,
  title={Parallel subgraph listing in a large-scale graph},
  author={Shao, Yingxia and Cui, Bin and Chen, Lei and Ma, Lin and Yao, Junjie and Xu, Ning},
  booktitle={SIGMOD},
  year={2014}
}

@article{sun2012efficient,
  title={Efficient subgraph matching on billion node graphs},
  author={Sun, Zhao and Wang, Hongzhi and Wang, Haixun and Shao, Bin and Li, Jianzhong},
  journal={PVLDB},
  year={2012}
}

@article{huang2011scalable,
  title={Scalable {SPARQL} querying of large {RDF} graphs},
  author={Huang, Jiewen and Abadi, Daniel J and Ren, Kun},
  journal={PVLDB},
  volume={4},
  number={11},
  pages={1123--1134},
  year={2011}
}

@inproceedings{raman2014pgx,
  title={PGX. ISO: parallel and efficient in-memory engine for subgraph isomorphism},
  author={Raman, Raghavan and van Rest, Oskar and Hong, Sungpack and Wu, Zhe and Chafi, Hassan and Banerjee, Jay},
  booktitle={GRADES},
  pages={1--6},
  year={2014}
}

%%%% mapreduce and parallel metrics.
@inproceedings{afrati2011map,
  title={Map-reduce extensions and recursive queries},
  author={Afrati, Foto N and Borkar, Vinayak and Carey, Michael and Polyzotis, Neoklis and Ullman, Jeffrey D},
  booktitle={EDBT},
  year={2011}
}

@inproceedings{SGC,
  author    = {Lu Qin and
               Jeffrey Xu Yu and
               Lijun Chang and
               Hong Cheng and
               Chengqi Zhang and
               Xuemin Lin},
  title     = {Scalable big graph processing in {MapReduce}},
  booktitle = {SIGMOD},
  year      = {2014}
}

@article{plantenga2013inexact,
  title={Inexact subgraph isomorphism in {MapReduce}},
  author={Plantenga, Todd},
  journal={J. Parallel Distrib. Comput.},
  volume={73},
  number={2},
  pages={164--175},
  year={2013}
}

@inproceedings{tsourakakis2009doulion,
  title={Doulion: counting triangles in massive graphs with a coin},
  author={Tsourakakis, Charalampos E and Kang, U and Miller, Gary L and Faloutsos, Christos},
  booktitle={SIGKDD},
  pages={837--846},
  year={2009}
}

@inproceedings{suri2011counting,
  title={Counting triangles and the curse of the last reducer},
  author={Suri, Siddharth and Vassilvitskii, Sergei},
  booktitle={WWW},
  pages={607--614},
  year={2011}
}

@inproceedings{zaveri2013user,
  title={User-driven quality evaluation of dbpedia},
  author={Zaveri, Amrapali and Kontokostas, Dimitris and Sherif, Mohamed A and B{\"u}hmann, Lorenz and Morsey, Mohamed and Auer, S{\"o}ren and Lehmann, Jens},
  booktitle={ICSS},
  pages={97--104},
  year={2013}
}

@inproceedings{hsieh2010mining,
  title={Mining temporal subgraph patterns in heterogeneous information networks},
  author={Hsieh, Hsun-Ping and Li, Cheng-Te},
  booktitle={SocialCom},
  year={2010}
}

@inproceedings{gurukar2015commit,
  title={COMMIT: A Scalable Approach to Mining Communication Motifs from Dynamic Networks},
  author={Gurukar, Saket and Ranu, Sayan and Ravindran, Balaraman},
  booktitle={SIGMOD},
  pages={475--489},
  year={2015}
}

@inproceedings{semertzidis2016durable,
  title={Durable graph pattern queries on historical graphs},
  author={Semertzidis, Konstantinos and Pitoura, Evaggelia},
  booktitle={ICDE},
  year={2016}
}


@inproceedings{silva2010structural,
  title={Structural correlation pattern mining for large graphs},
  author={Silva, Arlei and Meira Jr, Wagner and Zaki, Mohammed J},
  booktitle={Proceedings of the Eighth Workshop on Mining and Learning with Graphs},
  pages={119--126},
  year={2010}
}

@article{silva2012mining,
  title={Mining attribute-structure correlated patterns in large attributed graphs},
  author={Silva, Arlei and Meira Jr, Wagner and Zaki, Mohammed J},
  journal={PVLDB},
  volume={5},
  number={5},
  pages={466--477},
  year={2012},
  publisher={VLDB Endowment}
}

@inproceedings{desmier2012cohesive,
  title={Cohesive co-evolution patterns in dynamic attributed graphs},
  author={Desmier, Elise and Plantevit, Marc and Robardet, C{\'e}line and Boulicaut, Jean-Fran{\c{c}}ois},
  booktitle={Discovery Science},
  pages={110--124},
  year={2012}
}

@article{guan2015measuring,
  title={Measuring Structural Correlations in Graphs},
  author={Guan, Ziyu and Yan, Xifeng},
  journal={Computational Network Theory: Theoretical Foundations and Applications},
  year={2015},
  publisher={John Wiley \& Sons}
}

@inproceedings{zhang2013event,
  title={Event detection in complex scenes using interval temporal constraints},
  author={Zhang, Yifan and Ji, Qiang and Lu, Hanqing},
  booktitle={Proceedings of the IEEE International Conference on Computer Vision},
  pages={3184--3191},
  year={2013}
}

@inproceedings{borgwardt2006pattern,
  title={Pattern mining in frequent dynamic subgraphs},
  author={Borgwardt, Karsten M and Kriegel, Hans-Peter and Wackersreuther, Peter},
  booktitle={ICDM},
  year={2006}
}

@article{laxman2006survey,
  title={A survey of temporal data mining},
  author={Laxman, Srivatsan and Sastry, P Shanti},
  journal={Sadhana},
  volume={31},
  number={2},
  pages={173--198},
  year={2006}
}

@article{mansfield2015growth,
  title={The growth and evolution of DDoS},
  author={Mansfield-Devine, Steve},
  journal={Network Security},
  volume={2015},
  number={10},
  pages={13--20},
  year={2015}
}

@inproceedings{yuan2014graph,
  title={Graph-based point-of-interest recommendation with geographical and temporal influences},
  author={Yuan, Quan and Cong, Gao and Sun, Aixin},
  booktitle={CIKM},
  year={2014}
}

@article{abedjan2015temporal,
  title={Temporal rules discovery for web data cleaning},
  author={Abedjan, Ziawasch and Akcora, Cuneyt G and Ouzzani, Mourad and Papotti, Paolo and Stonebraker, Michael},
  journal={Proceedings of the VLDB Endowment},
  volume={9},
  number={4},
  pages={336--347},
  year={2015}
}

@article{ma2011capturing,
  title={Capturing topology in graph pattern matching},
  author={Ma, Shuai and Cao, Yang and Fan, Wenfei and Huai, Jinpeng and Wo, Tianyu},
  journal={PVLDB},
  volume={5},
  number={4},
  pages={310--321},
  year={2011}
}

@inproceedings{qin2004frequent,
  title={Frequent episode rules for intrusive anomaly detection with internet datamining},
  author={Qin, Min and Hwang, Kai},
  booktitle={USENIX Security Symposium},
  year={2004}
}

@article{mannila1997discovery,
  title={Discovery of frequent episodes in event sequences},
  author={Mannila, Heikki and Toivonen, Hannu and Verkamo, A Inkeri},
  journal={Data mining and knowledge discovery},
  volume={1},
  number={3},
  pages={259--289},
  year={1997}
}

@inproceedings{benevenuto2009characterizing,
  title={Characterizing user behavior in online social networks},
  author={Benevenuto, Fabr{\'\i}cio and Rodrigues, Tiago and Cha, Meeyoung and Almeida, Virg{\'\i}lio},
  booktitle={Proceedings of the 9th ACM SIGCOMM conference on Internet measurement conference},
  pages={49--62},
  year={2009}
}

@inproceedings{tao2003weighted,
  title={Weighted association rule mining using weighted support and significance framework},
  author={Tao, Feng and Murtagh, Fionn and Farid, Mohsen},
  booktitle={SIGKDD},
  year={2003}
}

@article{gao2014mining,
  title={Mining contracts for business events and temporal constraints in service engagements},
  author={Gao, Xibin and Singh, Mrigendra Pratap},
  journal={Services Computing, IEEE Transactions on},
  volume={7},
  number={3},
  pages={427--439},
  year={2014}
}

@inproceedings{shaparenko2005identifying,
  title={Identifying temporal patterns and key players in document collections},
  author={Shaparenko, Benyah and Caruana, Rich and Gehrke, Johannes and Joachims, Thorsten},
  booktitle={Proceedings of the IEEE ICDM Workshop on Temporal Data Mining: Algorithms, Theory and Applications (TDM-05)},
  pages={165--174},
  year={2005}
}

@inproceedings{liu2001analyzing,
  title={Analyzing the interestingness of association rules from the temporal dimension},
  author={Liu, Bing and Ma, Yiming and Lee, Ronnie},
  booktitle={ICDM},
  pages={377--384},
  year={2001}
}

@Misc{ddos,
  author =  {},
  note = {{\sl http://memeburn.com/2015/10/ddos-attacks-increasingly-used-as-smokescreen-for-other-security-threats/}}
}

@article{lo2008mining,
  title={Mining patterns and rules for software specification discovery},
  author={Lo, David and Khoo, Siau-Cheng},
  journal={Proceedings of the VLDB Endowment},
  volume={1},
  number={2},
  pages={1609--1616},
  year={2008}
}

@inproceedings{srinivasan2014mobileminer,
  title={Mobileminer: Mining your frequent patterns on your phone},
  author={Srinivasan, Vijay and Moghaddam, Saeed and Mukherji, Abhishek and Rachuri, Kiran K and Xu, Chenren and Tapia, Emmanuel Munguia},
  booktitle={Proceedings of the 2014 ACM International Joint Conference on Pervasive and Ubiquitous Computing},
  pages={389--400},
  year={2014}
}

%%%%%%%%%%%%%%
% top-k pattern event discovery
%%%%%%%%%%%%%%

@inproceedings{mouratidis2006continuous,
  title={Continuous monitoring of top-k queries over sliding windows},
  author={Mouratidis, Kyriakos and Bakiras, Spiridon and Papadias, Dimitris},
  booktitle={SIGMOD},
  pages={635--646},
  year={2006}
}

@inproceedings{yang2011optimal,
  title={An optimal strategy for monitoring top-k queries in streaming windows},
  author={Yang, Di and Shastri, Avani and Rundensteiner, Elke A and Ward, Matthew O},
  booktitle={EDBT},
  pages={57--68},
  year={2011}
}

@inproceedings{pan2012continuous,
  title={Continuous top-k query for graph streams},
  author={Pan, Shirui and Zhu, Xingquan},
  booktitle={CIKM},
  pages={2659--2662},
  year={2012}
}

@article{prabhakar2002query,
  title={Query indexing and velocity constrained indexing: Scalable techniques for continuous queries on moving objects},
  author={Prabhakar, Sunil and Xia, Yuni and Kalashnikov, Dmitri V and Aref, Walid G and Hambrusch, Susanne E},
  journal={Computers, IEEE Transactions on},
  volume={51},
  number={10},
  pages={1124--1140},
  year={2002}
}

@article{kalashnikov2004main,
  title={Main memory evaluation of monitoring queries over moving objects},
  author={Kalashnikov, Dmitri V and Prabhakar, Sunil and Hambrusch, Susanne E},
  journal={Distributed and Parallel Databases},
  volume={15},
  number={2},
  pages={117--135},
  year={2004}
}

@inproceedings{mokbel2004sina,
  title={Sina: Scalable incremental processing of continuous queries in spatio-temporal databases},
  author={Mokbel, Mohamed F and Xiong, Xiaopeing and Aref, Walid G},
  booktitle={SIGMOD},
  pages={623--634},
  year={2004}
}

@inproceedings{yu2005monitoring,
  title={Monitoring k-nearest neighbor queries over moving objects},
  author={Yu, Xiaohui and Pu, Ken Q and Koudas, Nick},
  booktitle={ICDE},
  year={2005}
}

@inproceedings{mouratidis2005conceptual,
  title={Conceptual partitioning: an efficient method for continuous nearest neighbor monitoring},
  author={Mouratidis, Kyriakos and Papadias, Dimitris and Hadjieleftheriou, Marios},
  booktitle={SIGMOD},
  year={2005}
}

@inproceedings{xiong2005sea,
  title={Sea-cnn: Scalable processing of continuous k-nearest neighbor queries in spatio-temporal databases},
  author={Xiong, Xiaopeng and Mokbel, Mohamed F and Aref, Walid G},
  booktitle={ICDE},
  year={2005}
}

@article{choudhury2015selectivity,
  title={A selectivity based approach to continuous pattern detection in streaming graphs},
  author={Choudhury, Sutanay and Holder, Lawrence and Chin, George and Agarwal, Khushbu and Feo, John},
  journal={arXiv preprint arXiv:1503.00849},
  year={2015}
}

@book{hidber1999online,
  title={Online association rule mining},
  author={Hidber, Christian},
  volume={28},
  number={2},
  year={1999}
}

@inproceedings{asai2002online,
  title={Online algorithms for mining semi-structured data stream},
  author={Asai, Tatsuya and Arimura, Hiroki and Abe, Kenji and Kawasoe, Shinji and Arikawa, Setsuo},
  booktitle={ICDM},
  year={2002}
}

@inproceedings{feigenbaum2004graph,
  title={On graph problems in a semi-streaming model},
  author={Feigenbaum, Joan and Kannan, Sampath and McGregor, Andrew and Suri, Siddharth and Zhang, Jian},
  booktitle={ICALP},
  pages={531--543},
  year={2004}
}

@article{navarro2001guided,
  title={A guided tour to approximate string matching},
  author={Navarro, Gonzalo},
  journal={ACM computing surveys (CSUR)},
  volume={33},
  number={1},
  pages={31--88},
  year={2001}
}

@inproceedings{mondal2016casqd,
  title={CASQD: continuous detection of activity-based subgraph pattern queries on dynamic graphs},
  author={Mondal, Jayanta and Deshpande, Amol},
  booktitle={Proceedings of the 10th ACM International Conference on Distributed and Event-based Systems},
  year={2016}
}

@article{zong2015behavior,
  title={Behavior query discovery in system-generated temporal graphs},
  author={Zong, Bo and Xiao, Xusheng and Li, Zhichun and Wu, Zhenyu and Qian, Zhiyun and Yan, Xifeng and Singh, Ambuj K and Jiang, Guofei},
  journal={VLDB},
  volume={9},
  number={4},
  pages={240--251},
  year={2015}
}

@inproceedings{zheng2015detecting,
  title={Detecting collective anomalies from multiple spatio-temporal datasets across different domains},
  author={Zheng, Yu and Zhang, Huichu and Yu, Yong},
  booktitle={SIGSPATIAL},
  year={2015}
}

@article{bola2015dynamic,
  title={Dynamic reorganization of brain functional networks during cognition},
  author={Bola, Micha{\l} and Sabel, Bernhard A},
  journal={Neuroimage},
  volume={114},
  pages={398--413},
  year={2015}
}

@Misc{OffshoreLeaksDatabase,
 author =        {},
  title =        {Offshore Leaks Database},
  howpublished = {{\sl https://offshoreleaks.icij.org/pages/database}}
}
@Misc{ACMCitationNetworkV8,
 author =        {},
  title =        {ACM Citation Network V8},
  howpublished = {{\sl https://aminer.org/citation}}
}
@inproceedings{Tang:2008:AEM:1401890.1402008,
 author = {Tang, Jie and Zhang, Jing and Yao, Limin and Li, Juanzi and Zhang, Li and Su, Zhong},
 title = {ArnetMiner: Extraction and Mining of Academic Social Networks},
 booktitle = {SIGKDD},
 year = {2008}
}

@Misc{IntrusionDetectionEvaluationDataSet,
 author =        {},
  title =        {Intrusion Detection Evaluation DataSet},
  howpublished = {{\sl http://www.unb.ca/research/iscx/dataset/iscx-IDS-dataset.html}}
}

@article{Shiravi2012357,
title = "Toward developing a systematic approach to generate benchmark datasets for intrusion detection ",
journal = "Computers \& Security ",
volume = "31",
number = "3",
pages = "357 - 374",
year = "2012",
author = "Ali Shiravi and Hadi Shiravi and Mahbod Tavallaee and Ali A. Ghorbani"
}

@inproceedings{chin2014predicting,
  title={Predicting and detecting emerging cyberattack patterns using streamworks},
  author={Chin Jr, George and Choudhury, Sutanay and Feo, John and Holder, Lawrence},
  booktitle={Proceedings of the 9th annual cyber and information security research conference},
  pages={93--96},
  year={2014}
}

@inproceedings{tatbul2003load,
  title={Load shedding in a data stream manager},
  author={Tatbul, Nesime and {\c{C}}etintemel, U{\u{g}}ur and Zdonik, Stan and Cherniack, Mitch and Stonebraker, Michael},
  booktitle={VLDB},
  year={2003}
}

@inproceedings{acar2009self,
  title={Self-adjusting computation:(an overview)},
  author={Acar, Umut A},
  booktitle={Proceedings of the 2009 ACM SIGPLAN workshop on Partial evaluation and program manipulation},
  pages={1--6},
  year={2009}
}

@article{cilibrasi2007google,
  title={The google similarity distance},
  author={Cilibrasi, Rudi L and Vitanyi, Paul MB},
  journal={TKDE},
  year={2007}
}
@inproceedings{de2016normalized,
  title={Normalized Semantic Web Distance.},
  author={De Nies, Tom and Beecks, Christian and Godin, Fr{\'e}deric and De Neve, Wesley and Stepien, Grzegorz and Arndt, D{\"o}rthe and De Vocht, Laurens and Verborgh, Ruben and Seidl, Thomas and Mannens, Erik and others},
  booktitle={ESWC},
  pages={69--84},
  year={2016}
}
@inproceedings{bhalotia2002keyword,
  title={Keyword searching and browsing in databases using BANKS},
  author={Bhalotia, Gaurav and Hulgeri, Arvind and Nakhe, Charuta and Chakrabarti, Soumen and Sudarshan, Shashank},
  booktitle={ICDE},
  pages={431--440},
  year={2002}
}
@incollection{wang2010survey,
  title={A survey of algorithms for keyword search on graph data},
  author={Wang, Haixun and Aggarwal, Charu C},
  booktitle={Managing and Mining Graph Data},
  year={2010}
}
@article{yu2010keyword,
  title={Keyword search in relational databases: A survey.},
  author={Yu, Jeffrey Xu and Qin, Lu and Chang, Lijun},
  journal={IEEE Data Eng. Bull.},
  pages={67--78},
  year={2010}
}

@inproceedings{qin2009querying,
  title={Querying communities in relational databases},
  author={Qin, Lu and Yu, Jeffrey Xu and Chang, Lijun and Tao, Yufei},
  booktitle={ICDE},
  pages={724--735},
  year={2009}
}
@inproceedings{ding2007finding,
  title={Finding top-k min-cost connected trees in databases},
  author={Ding, Bolin and Yu, Jeffrey Xu and Wang, Shan and Qin, Lu and Zhang, Xiao and Lin, Xuemin},
  booktitle={ICDE},
  year={2007}
}
@inproceedings{he2007blinks,
  title={BLINKS: ranked keyword searches on graphs},
  author={He, Hao and Wang, Haixun and Yang, Jun and Yu, Philip S},
  booktitle={SIGMOD},
  pages={305--316},
  year={2007}
}
@inproceedings{kimelfeld2006finding,
  title={Finding and approximating top-k answers in keyword proximity search},
  author={Kimelfeld, Benny and Sagiv, Yehoshua},
  booktitle={PODS},
  pages={173--182},
  year={2006}
}
@article{kargar2011keyword,
  title={Keyword search in graphs: Finding r-cliques},
  author={Kargar, Mehdi and An, Aijun},
  journal={PVLDB},
  volume={4},
  number={10},
  pages={681--692},
  year={2011}
}
@article{johnson1988generating,
  title={On generating all maximal independent sets},
  author={Johnson, David S and Yannakakis, Mihalis and Papadimitriou, Christos H},
  journal={Information Processing Letters},
  pages={119--123},
  year={1988}
}
@inproceedings{krause2010budgeted,
  title={Budgeted nonparametric learning from data streams},
  author={Krause, Andreas and Gomes, Ryan G},
  booktitle={ICML},
  pages={391--398},
  year={2010}
}
@inproceedings{tschiatschek2014learning,
  title={Learning mixtures of submodular functions for image collection summarization},
  author={Tschiatschek, Sebastian and Iyer, Rishabh K and Wei, Haochen and Bilmes, Jeff A},
  booktitle={NIPS},
  pages={1413--1421},
  year={2014}
}
@inproceedings{dasgupta2013summarization,
  title={Summarization Through Submodularity and Dispersion.},
  author={Dasgupta, Anirban and Kumar, Ravi and Ravi, Sujith},
  booktitle={ACL},
  pages={1014--1022},
  year={2013}
}
@inproceedings{gygli2015video,
  title={Video summarization by learning submodular mixtures of objectives},
  author={Gygli, Michael and Grabner, Helmut and Van Gool, Luc},
  booktitle={CVPR},
  pages={3090--3098},
  year={2015}
}
@inproceedings{buchbinder2014submodular,
  title={Submodular maximization with cardinality constraints},
  author={Buchbinder, Niv and Feldman, Moran and Naor, Joseph Seffi and Schwartz, Roy},
  booktitle={SODA},
  pages={1433--1452},
  year={2014}
}

============
query refinement

@inproceedings{velez1997fast,
  title={Fast and effective query refinement},
  author={V{\'e}lez, Bienvenido and Weiss, Ron and Sheldon, Mark A and Gifford, David K},
  booktitle={SIGIR},
  pages={6--15},
  year={1997}
}

@inproceedings{guo2008unified,
  title={A unified and discriminative model for query refinement},
  author={Guo, Jiafeng and Xu, Gu and Li, Hang and Cheng, Xueqi},
  booktitle={SIGIR},
  pages={379--386},
  year={2008}
}

@article{sarkas2009measure,
  title={Measure-driven keyword-query expansion},
  author={Sarkas, Nikos and Bansal, Nilesh and Das, Gautam and Koudas, Nick},
  journal={VLDB},
  pages={121--132},
  year={2009}
}

@article{carpineto2012survey,
  title={A survey of automatic query expansion in information retrieval},
  author={Carpineto, Claudio and Romano, Giovanni},
  journal={CSUR},
  pages={1},
  year={2012}
}

@article{furnas1987vocabulary,
  title={The vocabulary problem in human-system communication},
  author={Furnas, George W. and Landauer, Thomas K. and Gomez, Louis M. and Dumais, Susan T.},
  journal={Communications of the ACM},
  pages={964--971},
  year={1987},
  publisher={ACM}
}

============
query suggestion

@inproceedings{cao2008context,
  title={Context-aware query suggestion by mining click-through and session data},
  author={Cao, Huanhuan and Jiang, Daxin and Pei, Jian and He, Qi and Liao, Zhen and Chen, Enhong and Li, Hang},
  booktitle={SIGKDD},
  pages={875--883},
  year={2008}
}

@inproceedings{mei2008query,
  title={Query suggestion using hitting time},
  author={Mei, Qiaozhu and Zhou, Dengyong and Church, Kenneth},
  booktitle={CIKM},
  pages={469--478},
  year={2008}
}

@inproceedings{song2011post,
  title={Post-ranking query suggestion by diversifying search results},
  author={Song, Yang and Zhou, Dengyong and He, Li-wei},
  booktitle={SIGIR},
  pages={815--824},
  year={2011}
}

@inproceedings{bhatia2011query,
  title={Query suggestions in the absence of query logs},
  author={Bhatia, Sumit and Majumdar, Debapriyo and Mitra, Prasenjit},
  booktitle={SIGIR},
  year={2011}
}


@inproceedings{song2012query,
  title={Query suggestion by constructing term-transition graphs},
  author={Song, Yang and Zhou, Dengyong and He, Li-wei},
  booktitle={WSDM},
  pages={353--362},
  year={2012}
}

============
exploratory querying

@inproceedings{tran2009top,
  title={Top-k exploration of query candidates for efficient keyword search on graph-shaped (rdf) data},
  author={Tran, Thanh and Wang, Haofen and Rudolph, Sebastian and Cimiano, Philipp},
  booktitle={ICDE},
  pages={405--416},
  year={2009}
}

@inproceedings{bao2015exploratory,
  title={Exploratory keyword search with interactive input},
  author={Bao, Zhifeng and Zeng, Yong and Jagadish, HV and Ling, Tok Wang},
  booktitle={SIGMOD},
  pages={871--876},
  year={2015}
}

@article{yahya2016exploratory,
  title={Exploratory querying of extended knowledge graphs},
  author={Yahya, Mohamed and Berberich, Klaus and Ramanath, Maya and Weikum, Gerhard},
  journal={VLDB},
  pages={1521--1524},
  year={2016}
}

@article{dalvi2008keyword,
  title={Keyword search on external memory data graphs},
  author={Dalvi, Bhavana Bharat and Kshirsagar, Meghana and Sudarshan, S},
  journal={VLDB},
  pages={1189--1204},
  year={2008}
}


@inproceedings{golenberg2008keyword,
  title={Keyword proximity search in complex data graphs},
  author={Golenberg, Konstantin and Kimelfeld, Benny and Sagiv, Yehoshua},
  booktitle={SIGMOD},
  pages={927--940},
  year={2008}
}
@inproceedings{fan2017incremental,
  title={Incremental graph computations: Doable and undoable},
  author={Fan, Wenfei and Hu, Chunming and Tian, Chao},
  booktitle={SIGMOD},
  pages={155--169},
  year={2017}
}

@article{bockenhauer2009reoptimization,
  title={Reoptimization of Steiner trees: Changing the terminal set},
  author={B{\"o}ckenhauer, Hans-Joachim and Hromkovi{\v{c}}, Juraj and Kr{\'a}lovi{\v{c}}, Richard and M{\"o}mke, Tobias and Rossmanith, Peter},
  journal={Theoretical computer science},
  pages={3428--3435},
  year={2009}
}

@inproceedings{liu2012adaptive,
  title={Adaptive query suggestion for difficult queries},
  author={Liu, Yang and Song, Ruihua and Chen, Yu and Nie, Jian-Yun and Wen, Ji-Rong},
  booktitle={SIGIR},
  pages={15--24},
  year={2012}
}
@inproceedings{gollapudi2009axiomatic,
  title={An axiomatic approach for result diversification},
  author={Gollapudi, Sreenivas and Sharma, Aneesh},
  booktitle={WWW},
  pages={381--390},
  year={2009}
}
@inproceedings{chandra1996facility,
  title={Facility dispersion and remote subgraphs},
  author={Chandra, Barun and Halld{\'o}rsson, Magn{\'u}s M},
  booktitle={J. Algorithms},
  pages={438–465},
  year={2001}
}
@inproceedings{pageRank98,
       booktitle = {WWW},
           title = {The Anatomy of a Large-Scale Hypertextual Web Search Engine},
          author = {S. Brin and L. Page},
            year = {1998},
}
@article{roszkowska2013rank,
  title={Rank ordering criteria weighting methods--a comparative overview},
  author={Roszkowska, Ewa},
  year={2013},
  publisher={Wydawnictwo Uniwersytetu w Bia{\l}ymstoku}
}
@inproceedings{de2016distance,
  title={A distance-based approach for semantic dissimilarity in knowledge graphs},
  author={De Nies, Tom and Beecks, Christian and Godin, Fr{\'e}deric and De Neve, Wesley and Stepien, Grzegorz and Arndt, D{\"o}rthe and De Vocht, Laurens and Verborgh, Ruben and Seidl, Thomas and Mannens, Erik and others},
  booktitle={ICSC},
  pages={254--257},
  year={2016}
}
@book{fellbaum1998wordnet,
  title={WordNet},
  author={Fellbaum, Christiane},
  year={1998}
}
@inproceedings{bai2007using,
  title={Using query contexts in information retrieval},
  author={Bai, Jing and Nie, Jian-Yun and Cao, Guihong and Bouchard, Hugues},
  booktitle={SIGIR},
  pages={15--22},
  year={2007}
}
@article{nemhauser1978analysis,
  title={An analysis of approximations for maximizing submodular set functions—I},
  author={Nemhauser, George L and Wolsey, Laurence A and Fisher, Marshall L},
  journal={Mathematical Programming},
  pages={265--294},
  year={1978}
}
@inproceedings{qin2014scalable,
  title={Scalable big graph processing in mapreduce},
  author={Qin, Lu and Yu, Jeffrey Xu and Chang, Lijun and Cheng, Hong and Zhang, Chengqi and Lin, Xuemin},
  booktitle={SIGMOD},
  pages={827--838},
  year={2014}
}
@inproceedings{olson1999berkeley,
  title={Berkeley DB},
  author={Olson, Michael A and Bostic, Keith and Seltzer, Margo I},
  booktitle={USENIX},
  pages={183--191},
  year={1999}
}
@book{hwang1992steiner,
  title={The Steiner tree problem},
  author={Hwang, Frank K and Richards, Dana S and Winter, Pawel},
  year={1992}
}
@inproceedings{goyal2015robust,
  title={Robust Reoptimization of Steiner Trees},
  author={Goyal, Keshav and M{\"o}mke, Tobias},
  booktitle={LIPIcs-Leibniz International Proceedings in Informatics},
  year={2015}
}
@inproceedings{crescenzi1997short,
  title={A short guide to approximation preserving reductions},
  author={Crescenzi, Pierluigi},
  booktitle={Computational Complexity},
  pages={262--273},
  year={1997}
}
@article{fagin2003optimal,
  title={Optimal aggregation algorithms for middleware},
  author={Fagin, Ronald and Lotem, Amnon and Naor, Moni},
  journal={PODS},
  pages={102--113},
  year={2001}
}
@article{dreyfus1971steiner,
  title={The Steiner problem in graphs},
  author={Dreyfus, Stuart E and Wagner, Robert A},
  journal={Networks},
  pages={195--207},
  year={1971}
}
@inproceedings{mishra2009interactive,
  title={Interactive query refinement},
  author={Mishra, Chaitanya and Koudas, Nick},
  booktitle={EDBT},
  year={2009}
}
@inproceedings{achiezra2010exploratory,
  title={Exploratory keyword search on data graphs},
  author={Achiezra, Hilit and Golenberg, Konstantin and Kimelfeld, Benny and Sagiv, Yehoshua},
  booktitle={SIGMOD},
  pages={1163--1166},
  year={2010}
}
@inproceedings{tran2010conquer,
  title={How to conquer why-not questions},
  author={Tran, Quoc Trung and Chan, Chee-Yong},
  booktitle={SIGMOD},
  pages={15--26},
  year={2010}
}
@article{tran2014query,
  title={Query reverse engineering},
  author={Tran, Quoc Trung and Chan, Chee-Yong and Parthasarathy, Srinivasan},
  journal={VLDB},
  pages={721--746},
  year={2014}
}

@inproceedings{tran2009query,
  title={Query by output},
  author={Tran, Quoc Trung and Chan, Chee-Yong and Parthasarathy, Srinivasan},
  booktitle={SIGMOD},
  pages={535--548},
  year={2009}
}

@inproceedings{yao2012keyword,
  title={Keyword query reformulation on structured data},
  author={Yao, Junjie and Cui, Bin and Hua, Liansheng and Huang, Yuxin},
  booktitle={ICDE},
  pages={953--964},
  year={2012}
}
@inproceedings{baeza2004query,
  title={Query Recommendation Using Query Logs in Search Engines},
  author={Baeza-Yates, Ricardo A and Hurtado, Carlos A and Mendoza, Marcelo and others},
  booktitle={EDBT},
  pages={588--596},
  year={2004}
}
@inproceedings{song2010optimal,
  title={Optimal rare query suggestion with implicit user feedback},
  author={Song, Yang and He, Li-wei},
  booktitle={WWW},
  pages={901--910},
  year={2010}
}
@inproceedings{ooi2015survey,
  title={A survey of query expansion, query suggestion and query refinement techniques},
  author={Ooi, Jessie and Ma, Xiuqin and Qin, Hongwu and Liew, Siau Chuin},
  booktitle={ICSECS},
  pages={112--117},
  year={2015}
}
@inproceedings{cao2008selecting,
  title={Selecting good expansion terms for pseudo-relevance feedback},
  author={Cao, Guihong and Nie, Jian-Yun and Gao, Jianfeng and Robertson, Stephen},
  booktitle={SIGIR},
  pages={243--250},
  year={2008}
}
@inproceedings{xu2009query,
  title={Query dependent pseudo-relevance feedback based on wikipedia},
  author={Xu, Yang and Jones, Gareth JF and Wang, Bin},
  booktitle={SIGIR},
  pages={59--66},
  year={2009}
}
@article{huang2008robust,
  title={Robust query-specific pseudo feedback document selection for query expansion},
  author={Huang, Qiang and Song, Dawei and R{\"u}ger, Stefan},
  journal={Advances in Information Retrieval},
  pages={547--554},
  year={2008}
}
@article{bhogal2007review,
  title={A review of ontology based query expansion},
  author={Bhogal, Jagdev and MacFarlane, Andrew and Smith, Peter},
  journal={Information processing \& management},
  pages={866--886},
  year={2007}
}
@inproceedings{mottin2015graph,
  title={Graph query reformulation with diversity},
  author={Mottin, Davide and Bonchi, Francesco and Gullo, Francesco},
  booktitle={KDD},
  pages={825--834},
  year={2015}
}
@inproceedings{kang2010exploratory,
  title={Exploratory information search by domain experts and novices},
  author={Kang, Ruogu and Fu, Wai-Tat},
  booktitle={Intelligent user interfaces},
  pages={329--332},
  year={2010}
}
@inproceedings{mottin2017graph,
  title={Graph Exploration: From Users to Large Graphs},
  author={Mottin, Davide and M{\"u}ller, Emmanuel},
  booktitle={PODS},
  pages={1737--1740},
  year={2017}
}
@article{ma2014strong,
  title={Strong simulation: Capturing topology in graph pattern matching},
  author={Ma, Shuai and Cao, Yang and Fan, Wenfei and Huai, Jinpeng and Wo, Tianyu},
  journal={TODS},
  year={2014}
}
@article{jayaram2015querying,
  title={Querying knowledge graphs by example entity tuples},
  author={Jayaram, Nandish and Khan, Arijit and Li, Chengkai and Yan, Xifeng and Elmasri, Ramez},
  journal={TKDE},
  pages={2797--2811},
  year={2015}
}


@inproceedings{koutrika2009data,
  title={Data clouds: summarizing keyword search results over structured data},
  author={Koutrika, Georgia and Zadeh, Zahra Mohammadi and Garcia-Molina, Hector},
  booktitle={EDBT},
  pages={391--402},
  year={2009}
}
@inproceedings{tao2009finding,
  title={Finding frequent co-occurring terms in relational keyword search},
  author={Tao, Yufei and Yu, Jeffrey Xu},
  booktitle={EDBT},
  pages={839--850},
  year={2009}
}
@inproceedings{akiba2013fast,
  title={Fast exact shortest-path distance queries on large networks},
  author={Akiba, Takuya and Iwata, Yoichi and Yoshida, Yuichi},
  booktitle={SIGMOD},
  pages={349--360},
  year={2013}
}

@article{byrka2013steiner,
  title={Steiner tree approximation via iterative randomized rounding},
  author={Byrka, Jaros{\l}aw and Grandoni, Fabrizio and Rothvoss, Thomas and Sanit{\`a}, Laura},
  journal={Journal of the ACM},
  volume={60},
  number={1},
  pages={6},
  year={2013}
}

@inproceedings{navigli2003analysis,
  title={An analysis of ontology-based query expansion strategies},
  author={Navigli, Roberto and Velardi, Paola},
  booktitle={Proceedings of the 14th European Conference on Machine Learning, Workshop on Adaptive Text Extraction and Mining, Cavtat-Dubrovnik, Croatia},
  pages={42--49},
  year={2003}
}

@article{borchers1997thek,
  title={Thek-Steiner Ratio in Graphs},
  author={Borchers, Al and Du, Ding-Zhu},
  journal={SIAM Journal on Computing},
  pages={857--869},
  year={1997}
}

@inproceedings{khiroun2014improving,
  title={Improving Query Expansion by Automatic Query Disambiguation in Intelligent Information Retrieval.},
  author={Khiroun, Oussama Ben and Elayeb, Bilel and Bounhas, Ibrahim and Evrard, Fabrice and Saoud, Narj{\`e}s Bellamine Ben},
  booktitle={ICAART},
  pages={153--160},
  year={2014}
}

@inproceedings{zeng2014breaking,
  title={Breaking out of the mismatch trap},
  author={Zeng, Yong and Bao, Zhifeng and Ling, Tok Wang and Jagadish, HV and Li, Guoliang},
  booktitle={ICDE},
  pages={940--951},
  year={2014}
}

@article{mottin2016exemplar,
  title={Exemplar queries: a new way of searching},
  author={Mottin, Davide and Lissandrini, Matteo and Velegrakis, Yannis and Palpanas, Themis},
  journal={VLDB},
  pages={741--765},
  year={2016}
}

@inproceedings{gionis2015bump,
  title={Bump hunting in the dark: Local discrepancy maximization on graphs},
  author={Gionis, Aristides and Mathioudakis, Michael and Ukkonen, Antti},
  booktitle={ICDE},
  pages={1155--1166},
  year={2015}
}

@article{mottin2014exemplar,
  title={Exemplar queries: Give me an example of what you need},
  author={Mottin, Davide and Lissandrini, Matteo and Velegrakis, Yannis and Palpanas, Themis},
  journal={VLDB},
  pages={365--376},
  year={2014}
}

@inproceedings{chen2015answering,
  title={Answering why-not questions on spatial keyword top-k queries},
  author={Chen, Lei and Lin, Xin and Hu, Haibo and Jensen, Christian S and Xu, Jianliang},
  booktitle={ICDE},
  pages={279--290},
  year={2015}
}

@article{li2015context,
  title={Context-based diversification for keyword queries over XML data},
  author={Li, Jianxin and Liu, Chengfei and Yu, Jeffrey Xu},
  journal={TKDE},
  volume={27},
  number={3},
  pages={660--672},
  year={2015}
}

@inproceedings{bouchoucha2013diversified,
  title={Diversified query expansion using conceptnet},
  author={Bouchoucha, Arbi and He, Jing and Nie, Jian-Yun},
  booktitle={CIKM},
  pages={1861--1864},
  year={2013}
}

@inproceedings{angel2011efficient,
  title={Efficient diversity-aware search},
  author={Angel, Albert and Koudas, Nick},
  booktitle={SIGMOD},
  pages={781--792},
  year={2011}
}

@book{gonzalez2007handbook,
  title={Handbook of approximation algorithms and metaheuristics},
  author={Gonzalez, Teofilo F},
  year={2007}
}


@inproceedings{felner2011position,
  title={Dijkstra's algorithm versus uniform cost search or a case against Dijkstra's algorithm},
  author={Felner, Ariel},
  booktitle={SOCS},
  year={2011}
}
@inproceedings{ma2010diversifying,
  title={Diversifying Query Suggestion Results.},
  author={Ma, Hao and Lyu, Michael R and King, Irwin},
  booktitle={AAAI},
  year={2010}
}
@inproceedings{jensen2003nearest,
  title={Nearest neighbor queries in road networks},
  author={Jensen, Christian S and Kol{\'a}{\v{r}}vr, Jan and Pedersen, Torben Bach and Timko, Igor},
  booktitle={ACM GIS},
  pages={1--8},
  year={2003}
}
@article{zhou2009graph,
  title={Graph clustering based on structural/attribute similarities},
  author={Zhou, Yang and Cheng, Hong and Yu, Jeffrey Xu},
  journal={VLDB},
  pages={718--729},
  year={2009}
}
@article{van2009search,
  title={“Search, show context, expand on demand”: supporting large graph exploration with degree-of-interest},
  author={Van Ham, Frank and Perer, Adam},
  journal={TVCG},
  year={2009}
}
@article{zheng2013survey,
  title={A survey of faceted search},
  author={Zheng, Bweijunl and Zhang, Wei and Feng, Xiaoyu Fu Boqin},
  journal={Journal of Web Engineering},
  pages={041--064},
  year={2013}
}
@inproceedings{badanidiyuru2014streaming,
  title={Streaming submodular maximization: Massive data summarization on the fly},
  author={Badanidiyuru, Ashwinkumar and Mirzasoleiman, Baharan and Karbasi, Amin and Krause, Andreas},
  booktitle={SIGKDD},
  pages={671--680},
  year={2014}
}
@inproceedings{lin2011class,
  title={A class of submodular functions for document summarization},
  author={Lin, Hui and Bilmes, Jeff},
  booktitle={ACL},
  pages={510--520},
  year={2011}
}

@article{zhu2017computing,
  title={Computing semantic similarity of concepts in knowledge graphs},
  author={Zhu, Ganggao and Iglesias, Carlos A},
  journal={TKDE},
  pages={72--85},
  year={2017}
}

@inproceedings{Pujara2013OntologyawarePF,
  title={Ontology-aware partitioning for knowledge graph identification},
  author={Jay Pujara and Hui Miao and Lise Getoor and William W. Cohen},
  booktitle={AKBC@CIKM},
  year={2013}
}

@inproceedings{idreos2015overview,
  title={Overview of data exploration techniques},
  author={Idreos, Stratos and Papaemmanouil, Olga and Chaudhuri, Surajit},
  booktitle={SIGMOD},
  pages={277--281},
  year={2015}
}
@article{fan2010graph,
  title={Graph homomorphism revisited for graph matching},
  author={Fan, Wenfei and Li, Jianzhong and Ma, Shuai and Wang, Hongzhi and Wu, Yinghui},
  journal={VLDB},
  pages={1161--1172},
  year={2010}
}
@inproceedings{namaki2018GExp,
  title={GExp: Cost-aware Graph Exploration with Keywords},
  author={Namaki, Mohammad Hossein and Wu, Yinghui and Zhang, Xin},
  booktitle={SIGMOD},
  year={2018}
}
@article{jayaram2016orion,
  title={Orion: Enabling Suggestions in a Visual Query Builder for Ultra-Heterogeneous Graphs},
  author={Jayaram, Nandish and Bhoopalam, Rohit and Li, Chengkai and Athitsos, Vassilis},
  journal={arXiv preprint arXiv:1605.06856},
  year={2016}
}
@article{jayaram2015viiq,
  title={VIIQ: auto-suggestion enabled visual interface for interactive graph query formulation},
  author={Jayaram, Nandish and Goyal, Sidharth and Li, Chengkai},
  journal={VLDB},
  pages={1940--1943},
  year={2015}
}
@article{yi2017autog,
  title={AutoG: a visual query autocompletion framework for graph databases},
  author={Yi, Peipei and Choi, Byron and Bhowmick, Sourav S and Xu, Jianliang},
  journal={VLDB},
  pages={347--372},
  year={2017}
}

@inproceedings{zloof1975query,
  title={Query by example},
  author={Zloof, Mosh{\'e} M},
  booktitle={National Computer Conference and Exposition},
  pages={431--438},
  year={1975}
}

@inproceedings{song2018boomer,
  title={BOOMER: Blending Visual Formulation and Processing of P-Homomorphic Queries on Large Networks},
  author={Song, Yinglong and Chua, Huey Eng and Bhowmick, Sourav S and Choi, Byron and Zhou, Shuigeng},
  booktitle={SIGMOD},
  pages={927--942},
  year={2018}
}
@inproceedings{namaki2017discovering,
  title={Discovering Graph Temporal Association Rules},
  author={Namaki, Mohammad Hossein and Wu, Yinghui and Song, Qi and Lin, Peng and Ge, Tingjian},
  booktitle={CIKM},
  pages={1697--1706},
  year={2017}
}
@inproceedings{namaki2017event,
  title={Event pattern discovery by keywords in graph streams},
  author={Namaki, Mohammad Hossein and Lin, Peng and Wu, Yinghui},
  booktitle={IEEE BigData},
  pages={982--987},
  year={2017}
}
@article{cordella2004sub,
  title={A (sub) graph isomorphism algorithm for matching large graphs},
  author={Cordella, Luigi P and Foggia, Pasquale and Sansone, Carlo and Vento, Mario},
  journal={TPAMI},
  pages={1367--1372},
  year={2004}
}
@article{mottin2017new,
  title={New trends on exploratory methods for data analytics},
  author={Mottin, Davide and Lissandrini, Matteo and Velegrakis, Yannis and Palpanas, Themis},
  journal={VLDB},
  pages={1977--1980},
  year={2017}
}

@article{wang2018answering,
  title={Answering why-not questions on SPARQL queries},
  author={Wang, Meng and Liu, Jun and Wei, Bifan and Yao, Siyu and Zeng, Hongwei and Shi, Lei},
  journal={KAIS},
  year={2018},
}

@inproceedings{vasilyeva2015relaxation,
  title={Relaxation of subgraph queries delivering empty results},
  author={Vasilyeva, Elena and Thiele, Maik and Mocan, Adrian and Lehner, Wolfgang},
  booktitle={SSDBM},
  year={2015},
}


@article{vasilyeva2016answering,
  title={Answering ``why empty?'' and ``why so many?'' queries in graph databases},
  author={Vasilyeva, Elena and Thiele, Maik and Bornh{\"o}vd, Christof and Lehner, Wolfgang},
  journal={Journal of Computer and System Sciences},
  volume={82},
  number={1},
  year={2016},
}

@inproceedings{le2011rewriting,
  title={Rewriting queries on SPARQL views},
  author={Le, Wangchao and Duan, Songyun and Kementsietsidis, Anastasios and Li, Feifei and Wang, Min},
  booktitle={WWW},
  year={2011},
}

@article{zhang2013probabilistic,
  title={Probabilistic query rewriting for efficient and effective keyword search on graph data},
  author={Zhang, Lei and Tran, Thanh and Rettinger, Achim},
  journal={VLDB},
  volume={6},
  number={14},
  year={2013},
}

@inproceedings{shekarpour2017rquery,
  title={RQUERY: Rewriting Natural Language Queries on Knowledge Graphs to Alleviate the Vocabulary Mismatch Problem.},
  author={Shekarpour, Saeedeh and Marx, Edgard and Auer, S{\"o}ren and Sheth, Amit P},
  booktitle={AAAI},
  year={2017}
}


@inproceedings{pienta2015scalable,
  title={Scalable graph exploration and visualization: Sensemaking challenges and opportunities},
  author={Pienta, Robert and Abello, James and Kahng, Minsuk and Chau, Duen Horng},
  booktitle={BigComp},
  year={2015}
}

@article{mottin2014exemplar,
  title={Exemplar queries: Give me an example of what you need},
  author={Mottin, Davide and Lissandrini, Matteo and Velegrakis, Yannis and Palpanas, Themis},
  journal={VLDB},
  volume={7},
  number={5},
  year={2014},
}


@article{zhang2010sapper,
  title={SAPPER: subgraph indexing and approximate matching in large graphs},
  author={Zhang, Shijie and Yang, Jiong and Jin, Wei},
  journal={VLDB},
  year={2010},
}

@article{zhao2010graph,
  title={On graph query optimization in large networks},
  author={Zhao, Peixiang and Han, Jiawei},
  journal={VLDB},
  year={2010},
}

@article{hay2008resisting,
  title={Resisting structural re-identification in anonymized social networks},
  author={Hay, Michael and Miklau, Gerome and Jensen, David and Towsley, Don and Weis, Philipp},
  journal={VLDB},
  year={2008},
}


@article{herschel2017survey,
  title={A survey on provenance: What for? What form? What from?},
  author={Herschel, Melanie and Diestelk{\"a}mper, Ralf and Lahmar, Houssem Ben},
  journal={The VLDB Journal},
  year={2017},
}

@inproceedings{chapman2009not,
  title={Why not?},
  author={Chapman, Adriane and Jagadish, HV},
  booktitle={SIGMOD},
  year={2009},
}

@inproceedings{weiss2017reverse,
  title={Reverse engineering spj-queries from examples},
  author={Weiss, Yaacov Y and Cohen, Sara},
  booktitle={PODS},
  pages={151--166},
  year={2017},
}

@article{thoma2010discriminative,
  title={Discriminative frequent subgraph mining with optimality guarantees},
  author={Thoma, Marisa and Cheng, Hong and Gretton, Arthur and Han, Jiawei and Kriegel, Hans-Peter and Smola, Alex and Song, Le and Yu, Philip S and Yan, Xifeng and Borgwardt, Karsten M},
  journal={Statistical Analysis and Data Mining: The ASA Data Science Journal},
  volume={3},
  number={5},
  pages={302--318},
  year={2010},
}

@inproceedings{yan2002gspan,
  title={gspan: Graph-based substructure pattern mining},
  author={Yan, Xifeng and Han, Jiawei},
  booktitle={ICDM},
  pages={721--724},
  year={2002},
}

@inproceedings{yao2015anna,
title={ANNA: Answering Why-Not Questions for SPARQL.},
author={Yao, Siyu and Liu, Jun and Wang, Meng and Wei, Bifan and Chen, Xuelu},
booktitle={International Semantic Web Conference},
year={2015}
}


@inproceedings{buneman2001and,
  title={Why and where: A characterization of data provenance},
  author={Buneman, Peter and Khanna, Sanjeev and Wang-Chiew, Tan},
  booktitle={ICDT},
  pages={316--330},
  year={2001},
}

@article{meliou2009so,
  title={Why so? or why no? functional causality for explaining query answers},
  author={Meliou, Alexandra and Gatterbauer, Wolfgang and Moore, Katherine F and Suciu, Dan},
  journal={arXiv preprint arXiv:0912.5340},
  year={2009}
}

@article{krause2005note,
  title={A note on the budgeted maximization of submodular functions},
  author={Krause, Andreas and Guestrin, Carlos},
	type = {Technical Report},
  year={2005}
}

@inproceedings{hung2013quble,
  title={QUBLE: blending visual subgraph query formulation with query processing on large networks},
  author={Hung, Ho Hoang and S Bhowmick, Sourav and Truong, Ba Quan and Choi, Byron and Zhou, Shuigeng},
  booktitle={SIGMOD},
  year={2013},
}


@inproceedings{glavic2009perm,
  title={The perm provenance management system in action},
  author={Glavic, Boris and Alonso, Gustavo},
  booktitle={SIGMOD},
  pages={1055--1058},
  year={2009}
}

@article{svitkina2011submodular,
  title={Submodular approximation: Sampling-based algorithms and lower bounds},
  author={Svitkina, Zoya and Fleischer, Lisa},
  journal={SICOMP},
  volume={40},
  number={6},
  year={2011},
  publisher={SIAM}
}

@inproceedings{islam2013answering,
  title={On answering why-not questions in reverse skyline queries},
  author={Islam, Md Saiful and Zhou, Rui and Liu, Chengfei},
  booktitle={ICDE},
  year={2013},
}

@article{liu2016answering,
  title={Answering why-not and why questions on reverse top-k queries},
  author={Liu, Qing and Gao, Yunjun and Chen, Gang and Zheng, Baihua and Zhou, Linlin},
  journal={VLDBJ},
  volume={25},
  number={6},
  year={2016},
}

@article{islam2015efficient,
  title={Efficient answering of why-not questions in similar graph matching},
  author={Islam, Md Saiful and Liu, Chengfei and Li, Jianxin},
  journal={TKDE},
  pages={2672--2686},
  year={2015}
}

@article{halevy2001answering,
  title={Answering queries using views: A survey},
  author={Halevy, Alon Y},
  journal={VLDBJ},
  volume={10},
  number={4},
  pages={270--294},
  year={2001}
}

@article{fan2016answering,
  title={Answering pattern queries using views},
  author={Fan, Wenfei and Wang, Xin and Wu, Yinghui},
  journal={TKDE},
  volume={28},
  number={2},
  pages={326--341},
  year={2016}
}

@inproceedings{li2016approximating,
  title={Approximating graph pattern queries using views},
  author={Li, Jia and Cao, Yang and Liu, Xudong},
  booktitle={CIKM},
  year={2016}
}
@inproceedings{song2016mining,
  title={Mining summaries for knowledge graph search},
  author={Song, Qi and Wu, Yinghui and Dong, Xin Luna},
  booktitle={ICDM},
  pages={1215--1220},
  year={2016}
}

@inproceedings{yang2016fast,
  title={Fast top-k search in knowledge graphs},
  author={Yang, Shengqi and Han, Fangqiu and Wu, Yinghui and Yan, Xifeng},
  booktitle={ICDE},
  pages={990--1001},
  year={2016}
}

@article{kotidis2001case,
  title={A case for dynamic view management},
  author={Kotidis, Yannis and Roussopoulos, Nick},
  journal={TODS},
  volume={26},
  number={4},
  pages={388--423},
  year={2001}
}

@inproceedings{papailiou2015graph,
  title={Graph-aware, workload-adaptive SPARQL query caching},
  author={Papailiou, Nikolaos and Tsoumakos, Dimitrios and Karras, Panagiotis and Koziris, Nectarios},
  booktitle={SIGMOD},
  year={2015}
}

@inproceedings{wang2017graphcache,
  title={GraphCache: a caching system for graph queries},
  author={Wang, Jing and Ntarmos, Nikos and Triantafillou, Peter},
  booktitle={EDBT},
  year={2017}
}

@article{wang2018gc,
  title={GC: a graph caching system for subgraph/supergraph queries},
  author={Wang, Jing and Liu, Zichen and Ma, Shuai and Ntarmos, Nikos and Triantafillou, Peter},
  journal={VLDB},
  pages={2022--2025},
  year={2018}
}

@inproceedings{fard2014effective,
  title={Effective caching techniques for accelerating pattern matching queries},
  author={Fard, Arash and Manda, Satya and Ramaswamy, Lakshmish and Miller, John A},
  booktitle={IEEE Big Data},
  pages={491--499},
  year={2014}
}

@inproceedings{shu2013towards,
  title={Towards content-aware SPARQL query caching for semantic web applications},
  author={Shu, Yanfeng and Compton, Michael and M{\"u}ller, Heiko and Taylor, Kerry},
  booktitle={WISE},
  pages={320--329},
  year={2013}
}

@article{he2014answering,
  title={Answering why-not questions on top-k queries},
  author={He, Zhian and Lo, Eric},
  journal={TKDE},
  volume={26},
  number={6},
  year={2014},
}

@article{rocach2005clustering,
  title={Clustering methods Data mining and knowledge discovery handbook},
  author={Rocach, L and Maimon, O},
  journal={Springer US},
  pages={321},
  year={2005}
}

@article{elmagarmid2007duplicate,
  title={Duplicate record detection: A survey},
  author={Elmagarmid, Ahmed K and Ipeirotis, Panagiotis G and Verykios, Vassilios S},
  journal={TKDE},
  volume={19},
  number={1},
  pages={1--16},
  year={2007}
}

@inproceedings{gubichev2014exploiting,
  title={Exploiting the query structure for efficient join ordering in SPARQL queries.},
  author={Gubichev, Andrey and Neumann, Thomas},
  booktitle={EDBT},
  pages={439--450},
  year={2014}
}

@inproceedings{xu2018starmr,
  title={StarMR: An Efficient Star-Decomposition Based Query Processor for SPARQL Basic Graph Patterns Using MapReduce},
  author={Xu, Qiang and Wang, Xin and Li, Jianxin and Gan, Ying and Chai, Lele and Wang, Junhu},
  booktitle={APWeb-WAIM},
  pages={415--430},
  year={2018}
}

@article{zou2014gstore,
  title={gStore: a graph-based SPARQL query engine},
  author={Zou, Lei and {\"O}zsu, M Tamer and Chen, Lei and Shen, Xuchuan and Huang, Ruizhe and Zhao, Dongyan},
  journal={VLDBJ},
  volume={23},
  number={4},
  pages={565--590},
  year={2014}
}

@article{koutra2015summarizing,
  title={Summarizing and understanding large graphs},
  author={Koutra, Danai and Kang, U and Vreeken, Jilles and Faloutsos, Christos},
  journal={ASA Data Science},
  volume={8},
  number={3},
  pages={183--202},
  year={2015}
}

@inproceedings{namaki2017learning,
  title={Learning to speed up query planning in graph databases},
  author={Namaki, Mohammad Hossain and Chowdhury, FA and Islam, Md Rakibul and Doppa, Janardhan Rao and Wu, Yinghui},
  booktitle={ICAPS},
  year={2017}
}
@article{fan2013incremental,
  title={Incremental graph pattern matching},
  author={Fan, Wenfei and Wang, Xin and Wu, Yinghui},
  journal={TODS},
  volume={38},
  number={3},
  pages={18},
  year={2013}
}

@article{ilyas2004supporting,
  title={Supporting top-k join queries in relational databases},
  author={Ilyas, Ihab F and Aref, Walid G and Elmagarmid, Ahmed K},
  journal={VLDBJ},
  volume={13},
  number={3},
  pages={207--221},
  year={2004}
}

@article{haastad1999clique,
  title={Clique is hard to approximate withinn 1- $\varepsilon$},
  author={H{\aa}stad, Johan},
  journal={Acta Mathematica},
  volume={182},
  number={1},
  pages={105--142},
  year={1999}
}

@article{kolaitis1994logical,
  title={Logical definability of NP optimization problems},
  author={Kolaitis, Phokion G and Thakur, Madhukar N},
  journal={Information and Computation},
  volume={115},
  number={2},
  pages={321--353},
  year={1994}
}

@book{downey2012parameterized,
  title={Parameterized complexity},
  author={Downey, Rodney G and Fellows, Michael Ralph},
  year={2012}
}

@article{gao2010survey,
  title={A survey of graph edit distance},
  author={Gao, Xinbo and Xiao, Bing and Tao, Dacheng and Li, Xuelong},
  journal={Pattern Analysis and applications},
  volume={13},
  number={1},
  pages={113--129},
  year={2010}
}

@article{pei2002constrained,
  title={Constrained frequent pattern mining: a pattern-growth view},
  author={Pei, Jian and Han, Jiawei},
  journal={KDD Explorations Newsletter},
  volume={4},
  number={1},
  pages={31--39},
  year={2002}
}

@article{clarkson1983modification,
  title={A modification of the greedy algorithm for vertex cover},
  author={Clarkson, Kenneth L.},
  journal={IPL},
  volume={16},
  pages={23--25},
  year={1983}
}

@inproceedings{han2016statistical,
  title={On the statistical analysis of practical SPARQL queries},
  author={Han, Xingwang and Feng, Zhiyong and Zhang, Xiaowang and Wang, Xin and Rao, Guozheng and Jiang, Shuo},
  booktitle={WebDB},
  year={2016}
}

@inproceedings{yih2015semantic,
  title={Semantic Parsing via Staged Query Graph Generation: Question Answering with Knowledge Base},
  author={Yih, Wen-tau and Chang, Ming-Wei and He, Xiaodong and Gao, Jianfeng},
  booktitle={ACL},
  year={2015}
}

@inproceedings{ngonga2013sorry,
  title={Sorry, i don't speak SPARQL: translating SPARQL queries into natural language},
  author={Ngonga Ngomo, Axel-Cyrille and B{\"u}hmann, Lorenz and Unger, Christina and Lehmann, Jens and Gerber, Daniel},
  booktitle={WWW},
  pages={977--988},
  year={2013},
}

@inproceedings{pradel2013natural,
  title={Natural language query interpretation into SPARQL using patterns},
  author={Pradel, Camille and Haemmerl{\'e}, Ollivier and Hernandez, Nathalie},
  booktitle={COLD},
  pages={pp--1},
  year={2013}
}

@article{deutsch2006query,
  title={Query reformulation with constraints},
  author={Deutsch, Alin and Popa, Lucian and Tannen, Val},
  journal={SIGMOD Record},
  volume={35},
  number={1},
  pages={65--73},
  year={2006}
}

@inproceedings{schmidt2010foundations,
  title={Foundations of SPARQL query optimization},
  author={Schmidt, Michael and Meier, Michael and Lausen, Georg},
  booktitle={ICDT},
  pages={4--33},
  year={2010}
}


@inproceedings{tong2006fast,
  title={Fast random walk with restart and its applications},
  author={Tong, Hanghang and Faloutsos, Christos and Pan, Jia-Yu},
  booktitle={ICDM},
  pages={613--622},
  year={2006}
}

@article{marx2008parameterized,
  title={Parameterized complexity and approximation algorithms},
  author={Marx, D{\'a}niel},
  journal={The Computer Journal},
  volume={51},
  number={1},
  pages={60--78},
  year={2008}
}

@inproceedings{fan2017parallelizing,
  title={Parallelizing sequential graph computations},
  author={Fan, Wenfei and Xu, Jingbo and Wu, Yinghui and Yu, Wenyuan and Jiang, Jiaxin and Zheng, Zeyu and Zhang, Bohan and Cao, Yang and Tian, Chao},
  booktitle={SIGMOD},
  pages={495--510},
  year={2017}
}

@article{meng2018subgraph,
  title={Subgraph Pattern Neural Networks for High-Order Graph Evolution Prediction},
  author={Meng, Changping and Mouli, S Chandra and Ribeiro, Bruno and Neville, Jennifer},
  booktitle={AAAI},
  year={2018}
}

@inproceedings{fan2016functional,
  title={Functional dependencies for graphs},
  author={Fan, Wenfei and Wu, Yinghui and Xu, Jingbo},
  booktitle={SIGMOD},
  pages={1843--1857},
  year={2016}
}

@article{battaglia2018relational,
  title={Relational inductive biases, deep learning, and graph networks},
  author={Battaglia, Peter W and Hamrick, Jessica B and Bapst, Victor and Sanchez-Gonzalez, Alvaro and Zambaldi, Vinicius and Malinowski, Mateusz and Tacchetti, Andrea and Raposo, David and Santoro, Adam and Faulkner, Ryan and others},
  journal={arXiv preprint arXiv:1806.01261},
  year={2018}
}



=============================================================================================
= backbone.
=============================================================================================

@article{huang2015dense,
  title={Dense community detection in multi-valued attributed networks},
  author={Huang, Xin and Cheng, Hong and Yu, Jeffrey Xu},
  journal={Information Sciences},
  year={2015}
}

@article{bothorel2015clustering,
  title={Clustering attributed graphs: models, measures and methods},
  author={Bothorel, C{\'e}cile and Cruz, Juan David and Magnani, Matteo and Micenkova, Barbora},
  journal={Network Science},
  year={2015}
}
@inproceedings{yang2013community,
  title={Community detection in networks with node attributes},
  author={Yang, Jaewon and McAuley, Julian and Leskovec, Jure},
  booktitle={ICDM},
  year={2013}
}
@article{sun2017node,
  title={The node-weighted Steiner tree approach to identify elements of cancer-related signaling pathways},
  author={Sun, Yahui and Ma, Chenkai and Halgamuge, Saman},
  journal={BMC bioinformatics},
  year={2017}
}

@inproceedings{chiang2013steiner,
  title={Why Steiner-tree type algorithms work for community detection},
  author={Chiang, Mung and Lam, Henry and Liu, Zhenming and Poor, Vincent},
  booktitle={AISTATS},
  year={2013}
}
@inproceedings{robins2000improved,
  title={Improved Steiner tree approximation in graphs.},
  author={Robins, Gabriel and Zelikovsky, Alexander},
  booktitle={SODA},
  year={2000}
}
@article{berman1994improved,
  title={Improved approximations for the Steiner tree problem},
  author={Berman, Piotr and Ramaiyer, Viswanathan},
  journal={Journal of Algorithms},
  year={1994}
}
@inproceedings{berman1997line,
  title={Online algorithms for Steiner tree problems},
  author={Berman, Piotr and Coulston, Chris},
  booktitle={STOC},
  year={1997}
}
@article{awerbuch2004line,
  title={On-line generalized Steiner problem},
  author={Awerbuch, Baruch and Azar, Yossi and Bartal, Yair},
  journal={TCS},
  year={2004}
}
@article{goemans1995general,
  title={A general approximation technique for constrained forest problems},
  author={Goemans, Michel X and Williamson, David P},
  journal={SICOMP},
  year={1995}
}
@inproceedings{hegde2014fast,
  title={A fast, adaptive variant of the Goemans-Williamson scheme for the prize-collecting Steiner tree problem},
  author={Hegde, Chinmay and Indyk, Piotr and Schmidt, Ludwig},
  booktitle={Workshop of the DIMACS Implementation Challenge},
  year={2014}
}
@article{feofiloff2007primal,
  title={Primal-dual approximation algorithms for the prize-collecting Steiner tree problem},
  author={Feofiloff, Paulo and Fernandes, Cristina G and Ferreira, Carlos E and de Pina, Jos{\'e} Coelho},
  journal={Information Processing Letters},
  year={2007}
}
@inproceedings{johnson2000prize,
  title={The prize collecting steiner tree problem: theory and practice},
  author={Johnson, David S and Minkoff, Maria and Phillips, Steven},
  booktitle={SODA},
  year={2000}
}
@article{qian2017online,
  title={Online Constrained Forest and Prize-Collecting Network Design},
  author={Qian, Jiawei and Umboh, Seeun William and Williamson, David P},
  journal={Algorithmica},
  year={2017}
}
@inproceedings{hajiaghayi2014near,
  title={Near-optimal online algorithms for prize-collecting steiner problems},
  author={Hajiaghayi, MohammadTaghi and Liaghat, Vahid and Panigrahi, Debmalya},
  booktitle={ICALP},
  year={2014}
}
@inproceedings{umboh2014online,
  title={Online network design algorithms via hierarchical decompositions},
  author={Umboh, Seeun},
  booktitle={SODA},
  year={2014}
}
@article{bailly2011finding,
  title={Finding undetected protein associations in cell signaling by belief propagation},
  author={Bailly-Bechet, Marc and Borgs, Christian and Braunstein, Alfredo and Chayes, J and Dagkessamanskaia, A and Fran{\c{c}}ois, J-M and Zecchina, Riccardo},
  journal={PNAS},
  year={2011}
}
@inproceedings{combe2015louvain,
  title={I-louvain: An attributed graph clustering method},
  author={Combe, David and Largeron, Christine and G{\'e}ry, Mathias and Egyed-Zsigmond, El{\H{o}}d},
  booktitle={IDA},
  year={2015}
}
@article{chudak2004approximate,
  title={Approximate k-MSTs and k-Steiner trees via the primal-dual method and Lagrangean relaxation},
  author={Chudak, Fabi{\'a}n A and Roughgarden, Tim and Williamson, David P},
  journal={Mathematical Programming},
  year={2004}
}
@article{archer2011improved,
  title={Improved approximation algorithms for prize-collecting Steiner tree and TSP},
  author={Archer, Aaron and Bateni, MohammadHossein and Hajiaghayi, MohammadTaghi and Karloff, Howard},
  journal={SICOMP},
  year={2011}
}
@book{hauptmann2013compendium,
  title={A compendium on Steiner tree problems},
  author={Hauptmann, Mathias and Karpi{\'n}ski, Marek},
  year={2013}
}
@book{williamson2011design,
  title={The design of approximation algorithms},
  author={Williamson, David P and Shmoys, David B},
  year={2011}
}
@phdthesis{minkoff2000prize,
  title={The prize collecting Steiner tree problem},
  author={Minkoff, Maria},
  year={2000}
}

@inproceedings{huang2017community,
  title={Community search over big graphs: Models, algorithms, and opportunities},
  author={Huang, Xin and Lakshmanan, Laks VS and Xu, Jianliang},
  booktitle={ICDE},
  year={2017}
}

@article{fang2016effective,
  title={Effective community search for large attributed graphs},
  author={Fang, Yixiang and Cheng, Reynold and Luo, Siqiang and Hu, Jiafeng},
  journal={PVLDB},
  year={2016}
}

@article{huang2017attribute,
  title={Attribute-driven community search},
  author={Huang, Xin and Lakshmanan, Laks VS},
  journal={PVLDB},
  year={2017}
}

@incollection{rokach2005clustering,
  title={Clustering methods},
  author={Rokach, Lior and Maimon, Oded},
  year={2005}
}

@article{cai1997fixed,
  title={On fixed-parameter tractability and approximability of NP optimization problems},
  author={Cai, Liming and Chen, Jianer},
  journal={Journal of Computer and System Sciences},
  year={1997}
}

@inproceedings{downey1992fixed,
  title={Fixed-parameter intractability},
  author={Downey, Rodney G and Fellows, Michael R},
  booktitle={Structure in Complexity Theory Conference},
  year={1992}
}

@article{arora1998proof,
  title={Proof verification and the hardness of approximation problems},
  author={Arora, Sanjeev and Lund, Carsten and Motwani, Rajeev and Sudan, Madhu and Szegedy, Mario},
  journal={JACM},
  year={1998}
}

@article{feofiloff2010note,
  title={A note on Johnson, Minkoff and Phillips' algorithm for the prize-collecting Steiner tree problem},
  author={Feofiloff, Paulo and Fernandes, Cristina G and Ferreira, Carlos E and De Pina, Jos{\'e} Coelho},
  journal={arXiv},
  year={2010}
}

@inproceedings{cai2006fixed,
  title={Fixed-parameter approximation: conceptual framework and approximability results},
  author={Cai, Liming and Huang, Xiuzhen},
  booktitle={International Workshop on Parameterized and Exact Computation},
  year={2006}
}

@article{kim2011modeling,
  title={Modeling social networks with node attributes using the multiplicative attribute graph model},
  author={Kim, Myunghwan and Leskovec, Jure},
  journal={arXiv},
  year={2011}
}

@article{bonchi2017core,
  title={Core Decomposition of Massive, Information-Rich Graphs},
  author={Bonchi, Francesco and Gullo, Francesco and Kaltenbrunner, Andreas},
  year={2017}
}

@article{luce1950connectivity,
  title={Connectivity and generalized cliques in sociometric group structure},
  author={Luce, R Duncan},
  journal={Psychometrika},
  year={1950}
}

@article{mokken1979cliques,
  title={Cliques, clubs and clans},
  author={Mokken, Robert J},
  journal={Quality and quantity},
  year={1979}
}

@article{seidman1983network,
  title={Network structure and minimum degree},
  author={Seidman, Stephen B},
  journal={Social networks},
  year={1983}
}

@article{seidman1978graph,
  title={A graph-theoretic generalization of the clique concept},
  author={Seidman, Stephen B and Foster, Brian L},
  journal={Journal of Mathematical sociology},
  year={1978}
}

@article{borgatti1990ls,
  title={LS sets, lambda sets and other cohesive subsets},
  author={Borgatti, Stephen P and Everett, Martin G and Shirey, Paul R},
  journal={Social Networks},
  year={1990}
}

@article{glover1989tabu,
  title={Tabu search—part I},
  author={Glover, Fred},
  journal={ORSA Journal on computing},
  year={1989}
}



@article{newman2004coauthorship,
  title={Coauthorship networks and patterns of scientific collaboration},
  author={Newman, Mark EJ},
  journal={PNAS},
  volume={101},
  number={suppl 1},
  pages={5200--5205},
  year={2004}
}



@inproceedings{faloutsos2004fast,
  title={Fast discovery of connection subgraphs},
  author={Faloutsos, Christos and McCurley, Kevin S and Tomkins, Andrew},
  booktitle={KDD},
  year={2004}
}


@article{augsten2013similarity,
  title={Similarity joins in relational database systems},
  author={Augsten, Nikolaus and B{\"o}hlen, Michael H},
  journal={Synthesis Lectures on Data Management},
  year={2013}
}

@inproceedings{cheng1998development,
  title={Development of an integrated backbone network for a high capacity PCN network},
  author={Cheng, Vincent W and Khan, Jamil Y and Chaplin, Robert I},
  booktitle={Global Communications Conference},
  year={1998}
}

@article{donges2009backbone,
  title={The backbone of the climate network},
  author={Donges, Jonathan F and Zou, Yong and Marwan, Norbert and Kurths, J{\"u}rgen},
  journal={Europhysics Letters},
  year={2009}
}

@inproceedings{nick2013simmelian,
  title={Simmelian backbones: Amplifying hidden homophily in facebook networks},
  author={Nick, Bobo and Lee, Conrad and Cunningham, P{\'a}draig and Brandes, Ulrik},
  booktitle={ASONAM},
  year={2013}
}

@inproceedings{kumar2017information,
  title={Information propagation in interaction networks},
  author={Kumar, Rohit and Calders, Toon},
  booktitle={EDBT},
  year={2017}
}

@article{kumar2012optimization,
  title={Optimization of minimum cost network flows with heuristic algorithms},
  author={Kumar, K},
  journal={International Journal of Information and Education Technology},
  year={2012}
}


@article{newman2006modularity,
  title={Modularity and community structure in networks},
  author={Newman, Mark EJ},
  journal={Proceedings of the national academy of sciences},
  year={2006}
}

@article{fortunato2010community,
  title={Community detection in graphs},
  author={Fortunato, Santo},
  journal={Physics reports},
  year={2010}
}

@article{karrer2011stochastic,
  title={Stochastic blockmodels and community structure in networks},
  author={Karrer, Brian and Newman, Mark EJ},
  journal={Physical review E},
  year={2011}
}


@inproceedings{gubichev2012fast,
  title={Fast approximation of steiner trees in large graphs},
  author={Gubichev, Andrey and Neumann, Thomas},
  booktitle={CIKM},
  year={2012}
}

@article{khaouid2015k,
  title={K-core decomposition of large networks on a single PC},
  author={Khaouid, Wissam and Barsky, Marina and Srinivasan, Venkatesh and Thomo, Alex},
  journal={PVLDB},
  volume={9},
  number={1},
  pages={13--23},
  year={2015}
}

@article{fouss2007random,
  title={Random-walk computation of similarities between nodes of a graph with application to collaborative recommendation},
  author={Fouss, Francois and Pirotte, Alain and Renders, Jean-Michel and Saerens, Marco},
  journal={IEEE Transactions on knowledge and data engineering},
  volume={19},
  number={3},
  pages={355--369},
  year={2007}
}
@inproceedings{cole2001faster,
  title={A faster implementation of the Goemans-Williamson clustering algorithm},
  author={Cole, Richard and Hariharan, Ramesh and Lewenstein, Moshe and Porat, Ely},
  booktitle={SODA},
  year={2001}
}


@inproceedings{falih2018community,
  title={Community detection in Attributed Network},
  author={Falih, Issam and Grozavu, Nistor and Kanawati, Rushed and Bennani, Youn{\`e}s},
  booktitle={WWW},
  year={2018}
}

@inproceedings{li2018community,
  title={Community detection in attributed graphs: an embedding approach},
  author={Li, Ye and Sha, Chaofeng and Huang, Xin and Zhang, Yanchun},
  booktitle={AAAI},
  year={2018}
}

@inproceedings{cheng2011personalized,
  title={Personalized travel recommendation by mining people attributes from community-contributed photos},
  author={Cheng, An-Jung and Chen, Yan-Ying and Huang, Yen-Ta and Hsu, Winston H and Liao, Hong-Yuan Mark},
  booktitle={ACM Multimedia},
  year={2011}
}

@inproceedings{wu2015finding,
  title={Finding dense and connected subgraphs in dual networks},
  author={Wu, Yubao and Jin, Ruoming and Zhu, Xiaofeng and Zhang, Xiang},
  booktitle={ICDE},
  year={2015}
}

@article{zhang2017engagement,
  title={When engagement meets similarity: efficient (k, r)-core computation on social networks},
  author={Zhang, Fan and Zhang, Ying and Qin, Lu and Zhang, Wenjie and Lin, Xuemin},
  journal={PVLDB},
  volume={10},
  number={10},
  pages={998--1009},
  year={2017}
}

@inproceedings{lim2015personalized,
  title={Personalized tour recommendation based on user interests and points of interest visit durations},
  author={Lim, Kwan Hui and Chan, Jeffrey and Leckie, Christopher and Karunasekera, Shanika},
  booktitle={IJCAI},
  year={2015}
}

@article{lissandrini2018x,
  title={X 2 Q: your personal example-based graph explorer},
  author={Lissandrini, Matteo and Mottin, Davide and Velegrakis, Yannis and Palpanas, Themis},
  journal={PVLDB},
  volume={11},
  number={12},
  pages={2026--2029},
  year={2018}
}
